3036 5076
505 298 868 405 ‘-oo-·

65 557 68 562 ·
118 538 379 625 ,110556611511111οΙ
419 539 505 604 Talia
527 539 624 617 igitur,
650 559 726 618 quae
749 559 804 616 ego
828 557 888 599 non
911 536 1006 616 magis
1030 556 1120 615 quam
1142 535 1172 610 ii,
1195 535 1245 616 qui
1269 544 1339 600 ante
1354 555 1403 598 me

119 649 197 712 hanc
209 648 433 711 translationem
450 648 626 725 perscrutati
644 654 721 720 sunt,
739 647 887 724 explicare
903 644 993 723 potui,
1011 644 1212 721 sagacioribus
1222 645 1401 722 relinquam.

120 756 263 820 Omittam
286 774 411 832 quoque,
437 775 512 833 quae
536 755 662 832 quisque
686 753 772 814 facile
803 753 939 829 corrigat,
963 752 1081 825 16111115,
1113 773 1150 812 ne
1177 752 1244 829 quis
1275 772 1323 813 me
1353 752 1403 811 ad·

12 940 14 945 4
120 871 239 926 moneat
254 862 325 922 dicti
341 861 488 939 Spengeli,
513 861 563 940 qui
585 863 757 940 profiteatur
780 881 812 922 se
835 861 912 922 hanc
934 859 1158 921 translationem
1180 878 1241 919 non
1256 858 1404 919 tironibus

36 986 40 993 '
118 972 243 1044 tradere,
269 971 321 1030 sed
343 967 414 1028 viris
437 968 541 1030 doctis

229 1077 357 1142 1360·b
383 1079 421 1138 31
448 1074 535 1150 (195,
561 1073 593 1147 8)
623 1072 656 1133 τὸ
679 1064 867 1156 αὐτόχθονας
890 1065 909 1154 ἢ
933 1064 1080 1154 ἀρχαίους
1103 1064 1172 1131 εἶναι
1197 1105 1236 1116 -
1262 1066 1311 1133 sui
1329 1071 1404 1130 iuris

120 1184 258 1262 antiquos
283 1202 357 1244 esse.
404 1182 526 1242 Miretur
556 1182 679 1242 forsitan
703 1182 827 1260 aliquia,
860 1181 1002 1259 quidnam
1025 1181 1073 1241 hic
1103 1181 1248 1258 interpres
1272 1179 1304 1238 in
1326 1179 1420 1260 libro

122 1311 176 1353 suo
200 1289 351 1352 invenerit.
399 1288 476 1349 Huic
508 1290 720 1365 respondeam:
750 1288 822 1348 nihil
853 1288 932 1349 aliud
961 1309 1051 1365 quam
1082 1308 1146 1348 nos.
1194 1287 1309 1347 Etenim
1333 1305 1403 1345 cum

120 1398 205 1460 litera
220 1418 237 1456 r
252 1416 311 1457 non
334 1415 401 1454 raro
425 1396 600 1471 depravetur
623 1395 651 1454 in
676 1396 792 1456 literam
808 1398 828 1469 ι’,
853 1402 972 1455 etanta
996 1395 1117 1454 verbum
1141 1394 1309 1471 antiquos
1334 1412 1403 1452 oon·

122 1504 233 1569 iunctio
257 1510 321 1564 aut
345 1502 430 1562 facile
454 1501 550 1578 possit
572 1502 715 1570 excidere,
740 1503 958 1569 emendandum
976 1508 1035 1561 est:
1061 1501 1120 1560 sui
1143 1500 1241 1561 ruris
1265 1506 1329 1560 aut
1346 1520 1401 1560 an·

121 1612 254 1689 tiques
290 1629 380 1669 esse.
429 1608 509 1682 (Not.
533 1608 692 1681 ruralis,
728 1608 962 1680 rusticitas,
998 1607 1176 1667 rusticus
1211 1606 1403 1666 inveniuntur

121 1718 200 1794 apud
214 1717 414 1792 interpretem,
432 1716 552 1774 verbum
564 1710 651 1795 χθών
667 1723 765 1775 autem
782 1716 840 1776 alio
855 1717 921 1776 loco
937 1716 1077 1775 transfert
1092 1715 1275 1774 substantivo
1292 1713 1405 1789 regio;

122 1827 195 1896 230,
223 1827 261 1886 15
286 1821 526 1900 appropriatione
550 1820 596 1881 sui
622 1839 661 1887 =
686 1828 865 1902 οφετεριομῷ
890 1814 1015 1895 ἑαυτοῦ).

231 1931 313 1991 1361
341 1948 359 1987 a
383 1931 423 1989 35
449 1927 537 2001 (196,
564 1925 619 2000 22)
642 1925 723 2005 γέρα,
746 1927 850 2008 τεμένη
878 1961 914 1970 -
941 1927 1122 1988 constructio
1146 1929 1248 2005 templi
1272 1927 1405 2005 antiqua.

121 2033 225 2115 τεμένη
254 2035 366 2096 reddita
396 2053 463 2094 esse
486 2033 581 2094 verbis
605 2035 747 2111 templa
777 2035 937 2112 antiqua
961 2035 1033 2094 mihi
1061 2035 1120 2095 iam
1145 2036 1274 2112 primum
1297 2035 1408 2111 legenti

122 2141 268 2217 apparuit.
307 2141 363 2200 Diu
388 2147 487 2200 autern
510 2140 697 2216 multumque
720 2140 859 2214 dubitavi,
884 2141 953 2218 quid
976 2141 1137 2202 iudicarem
1161 2142 1197 2200 de
1215 2143 1303 2201 verbo
1328 2161 1406 2200 con-

29 2325 32 2328 ,
124 2248 296 2311 structio.
337 2247 471 2307 Tandem
493 2247 573 2306 hunc
596 2247 697 2305 locum
719 2246 836 2306 inveni:
862 2251 945 2310 1378
964 2249 982 2308 b
1000 2252 1038 2311 31
1062 2247 1150 2323 (242,
1169 2247 1202 2320 4)
1226 2242 1304 2322 λέγει
1326 2239 1408 2325 ὄργι-

123 2352 243 2434 ζόμενος
259 2345 446 2434 ὁἈχιλλεὺς
463 2345 634 2434 “r'qclpqoa'v·
654 2344 728 2408 ἑλὼν
744 2351 800 2430 γὰρ
816 2347 879 2432 ἔχει
894 2353 1004 2432 γέρας”
1018 2386 1056 2395 -
1070 2355 1140 2414 dicit
1153 2355 1245 2415 iratus
1259 2353 1408 2415 Achilles:

123 2459 332 2531 dehonoravit;
357 2459 505 2536 accipiens
522 2459 600 2518 enim
618 2459 708 2518 habet
722 2460 951 2523 venerationem.
992 2462 1070 2521 Turn
1090 2462 1213 2537 cognovi
1229 2461 1410 2522 emendatio·

123 2588 192 2629 nem
215 2560 498 2643 venersationes,
523 2567 659 2642 templa
682 2565 836 2642 antiqua
858 2567 906 2627 vix
930 2587 1020 2645 posse
1042 2568 1171 2628 refutari.

232 2678 315 2737 1365
341 2693 358 2732 a
383 2675 424 2734 14
448 2670 535 2744 (206,
562 2673 615 2743 13)
639 2666 708 2728 λαοὶ
731 2670 783 2750 μὲν
806 2669 984 2753 μθινὺθοοσι
1013 2707 1047 2716 --
1075 2675 1177 2753 populi
1201 2675 1319 2751 quidem
1345 2694 1411 2751 per·

125 2781 295 2853 mittuntur3
320 2801 368 2844 m:
393 2787 582 2856 permuntur;
606 2779 820 2839 restituendum
844 2789 905 2863 est:
931 2783 1167 2859 perimuntur.

233 2891 316 2951 1365
331 2908 348 2947 a
361 2891 401 2950 26
419 2887 505 2959 (206,
518 2885 571 2957 23)
591 2881 704 2962 πρόσθε
728 2883 780 2965 μὲν
800 2879 874 2968 ἀμφ’
892 2880 1009 2967 ὤμοισιν
1025 2882 1104 2969 ἔχων
1119 2891 1258 2967 τραχεῖαν
1278 2880 1410 2944 ἄαλλαν

93 3043 95 3046 ,
121 2987 215 3076 ἰχθῦς
238 2986 268 3062 ἐξ
288 2985 421 3073 Ἀμγοος
444 2983 485 3059 εἰς
508 2984 619 3068 Τεγέαν
641 2984 744 3073 ἔφερον
762 2995 950 3072 -anterius
975 2995 1093 3073 quidem
1117 3003 1272 3072 aspectum
1294 2994 1412 3054 habens

101 3098 104 3103 ’
129 3112 157 3162 61
181 3121 270 3179 super
300 3108 459 3177 utrumque
488 3100 644 3159 humerum
672 3098 795 3159 isultum
826 3100 916 3177 piscis
941 3122 976 3162 ex
1000 3103 1066 3162 navi
1096 3103 1126 3162 in
1149 3109 1228 3161 terra
1251 3101 1410 3160 terebatur.

58 3276 61 3280 A
128 3209 158 3269 M
181 3210 301 3286 praebet
324 3227 378 3284 pro
401 3209 489 3266 verbo
512 3205 664 3265 isultum
686 3207 775 3265 verba
804 3206 982 3267 insultos
1005 3209 1169 3279 habena,
1201 3228 1244 3267 m:
1280 3207 1411 3266 insul·

128 3323 205 3376 tum
228 3315 392 3387 habena,
418 3314 538 3373 deinde:
563 3320 714 3372 terram.
751 3312 816 3372 Non
841 3333 928 3373 nemo
952 3322 1038 3390 neget
1060 3334 1167 3391 operae
1190 3312 1319 3391 pretium
1343 3333 1413 3373 6556

128 3423 201 3481 haec
224 3421 324 3488 verba,
349 3423 424 3496 quae
447 3418 660 3478 inextricabilia
683 3437 750 3478 esse
773 3419 916 3495 videntur,
946 3422 1113 3484 emendare.
1161 3421 1284 3492 Tamen,
1311 3421 1413 3496 quoad

128 3528 191 3589 eius
215 3529 311 3587 facere
335 3546 468 3604 possum,
499 3527 637 3585 conabor.
684 3525 781 3602 Atque
812 3526 940 3596 primurn
963 3536 1045 3588 muto
1069 3529 1189 3588 verbum
1213 3533 1414 3603 aspectum

128 3636 216 3696 verbo
238 3653 421 3710 asperum
443 3633 527 3692 nisus
544 3632 738 3692 translatione
760 3631 892 3693 eiusdem
908 3654 1011 3694 versus
1035 3655 1063 3711 p.
1080 3637 1162 3697 1367
1176 3636 1196 3694 b
1210 3637 1249 3696 13
1264 3633 1352 3706 (213,
1368 3632 1412 3703 6).

127 3743 239 3803 Deinde
261 3741 406 3818 interpres
430 3747 463 3799 ut
485 3759 541 3799 nos
558 3738 627 3813 legit
649 3732 782 3809 ἄσιλλαν,
814 3739 874 3799 5116
896 3741 953 3801 hoc
976 3742 1098 3800 verbum
1129 3739 1313 3800 substantivo
1345 3739 1415 3797 lul-

128 3869 233 3909 crum
257 3847 317 3907 sive
340 3846 536 3918 assulam*)
561 3845 621 3905 sive
645 3847 867 3905 asseroulum
893 3847 1119 3919 (asseretum)
1144 3845 1303 3907 transtulit.
1332 3844 1415 3903 Tum

128 3955 238 4016 invenit
260 3945 432 4031 ἐξἈμγοῦς
456 3954 497 4027 (61
521 3954 647 4011 fortasse
671 3951 700 4011 in
725 3952 857 4027 margine
875 3952 1019 4034 ονοάφοος,
1044 3954 1122 4030 quod
1145 3951 1231 4012 vertit
1254 3949 1347 4022 navi)
1372 3941 1416 4017 εἰς

128 4079 158 4119 τε
180 4051 250 4136 paor
273 4055 379 4140 (γαῖαν,
403 4053 536 4139 terram).
583 4058 697 4117 Utrum
721 4065 818 4118 autem
843 4051 943 4137 ὤμοιϊν
965 4060 1067 4134 legerit
1095 4080 1133 4119 an
1161 4056 1417 4135 praepositionem

128 4160 225 4248 ἀμφὶ
256 4167 430 4244 pronomine
461 4172 611 4242 uterque
641 4164 765 4236 dederit,
799 4171 898 4224 utrum
927 4158 1030 4245 ἔφερον
1058 4186 1096 4225 an
1126 4159 1235 4246 ἔφερεν,
1266 4171 1299 4223 ut
1332 4143 1416 4240 apud

135 4273 324 4334 Eustathium
349 4273 492 4350 scriptum
516 4280 573 4347 651,
605 4279 637 4331 ut
660 4271 750 4331 dubia
771 4269 801 4329 in
825 4272 921 4330 medio
945 4272 1090 4349 relinquo.
1136 4270 1292 4348 Utcunque
1314 4278 1419 4332 autem

235 4411 262 4478 *)
283 4411 382 4466 Confer
392 4411 433 4463 Du
445 4412 549 4478 Gange:
569 4426 649 4462 assa
668 4425 704 4456 Ξ
721 4408 826 4475 lignum
844 4408 929 4461 latum
949 4412 975 4462 et
990 4409 1127 4474 dolatum;
1146 4409 1228 4462 huius
1247 4404 1415 4460 substantivi

127 4501 327 4556 deminutivum
346 4505 386 4556 est
404 4500 496 4555 asile
515 4503 542 4553 et
560 4498 690 4552 assuta.
