<?xml version="1.0" encoding="UTF-8"?>
<!DOCTYPE html PUBLIC "-//W3C//DTD XHTML 1.0 Transitional//EN"
    "http://www.w3.org/TR/xhtml1/DTD/xhtml1-transitional.dtd">
<html xmlns="http://www.w3.org/1999/xhtml" xml:lang="en" lang="en">
 <head>
  <title>
</title>
<meta http-equiv="Content-Type" content="text/html;charset=utf-8" />
  <meta name='ocr-system' content='tesseract 3.04.00' />
  <meta name='ocr-capabilities' content='ocr_page ocr_carea ocr_par ocr_line ocrx_word'/>
</head>
<body>
  <div class='ocr_page' id='page_1' title='image "./quaeratiointerv00dittgoog_0065.png"; bbox 0 0 3036 5076; ppageno 0'>
   <div class='ocr_carea' id='block_1_1' title="bbox 683 314 941 380">
    <p class='ocr_par' dir='ltr' id='par_1_1' title="bbox 683 314 941 380">
     <span class='ocr_line' id='line_1_1' title="bbox 683 314 941 380; baseline 0.012 -3"><span class='ocrx_word' id='word_1_1' title='bbox 683 314 941 380; x_wconf 84' lang='grc'><strong>·-11-</strong></span> 
     </span>
    </p>
   </div>
   <div class='ocr_carea' id='block_1_2' title="bbox 190 509 1512 3048">
    <p class='ocr_par' dir='ltr' id='par_1_2' title="bbox 193 509 1512 912">
     <span class='ocr_line' id='line_1_2' title="bbox 194 509 1512 596; baseline 0.001 -18"><span class='ocrx_word' id='word_1_2' title='bbox 194 538 263 578; x_wconf 87' lang='lat' dir='ltr'>narn</span> <span class='ocrx_word' id='word_1_3' title='bbox 292 537 328 578; x_wconf 92' lang='lat' dir='ltr'>ex</span> <span class='ocrx_word' id='word_1_4' title='bbox 356 516 525 592; x_wconf 80' lang='lat' dir='ltr'><strong>vulgaribus</strong></span> <span class='ocrx_word' id='word_1_5' title='bbox 555 516 651 575; x_wconf 91' lang='lat' dir='ltr'>verbis</span> <span class='ocrx_word' id='word_1_6' title='bbox 678 513 730 594; x_wconf 81' lang='grc' dir='ltr'>τὴν</span> <span class='ocrx_word' id='word_1_7' title='bbox 756 509 837 571; x_wconf 78' lang='grc' dir='ltr'><strong>λείαν</strong></span> <span class='ocrx_word' id='word_1_8' title='bbox 865 515 1013 591; x_wconf 87' lang='lat' dir='ltr'>singulare</span> <span class='ocrx_word' id='word_1_9' title='bbox 1040 510 1142 596; x_wconf 79' lang='grc' dir='ltr'><strong>τηλίαν</strong></span> <span class='ocrx_word' id='word_1_10' title='bbox 1171 518 1329 577; x_wconf 86' lang='lat' dir='ltr'>emendare</span> <span class='ocrx_word' id='word_1_11' title='bbox 1357 513 1474 594; x_wconf 80' lang='lat' dir='ltr'>potuitl</span> <span class='ocrx_word' id='word_1_12' title='bbox 1509 514 1512 579; x_wconf 69' lang='lat' dir='ltr'>i</span> 
     </span>
     <span class='ocr_line' id='line_1_3' title="bbox 194 614 1477 702; baseline -0.002 -20"><span class='ocrx_word' id='word_1_13' title='bbox 194 625 267 695; x_wconf 85' lang='lat' dir='ltr'>Quis</span> <span class='ocrx_word' id='word_1_14' title='bbox 292 644 328 683; x_wconf 89' lang='lat' dir='ltr'>ex</span> <span class='ocrx_word' id='word_1_15' title='bbox 351 622 461 682; x_wconf 85' lang='lat' dir='ltr'>usitato</span> <span class='ocrx_word' id='word_1_16' title='bbox 485 624 573 682; x_wconf 89' lang='lat' dir='ltr'>verbo</span> <span class='ocrx_word' id='word_1_17' title='bbox 596 620 740 702; x_wconf 76' lang='grc' dir='ltr'>χρηστέον</span> <span class='ocrx_word' id='word_1_18' title='bbox 763 622 859 680; x_wconf 88' lang='lat' dir='ltr'>rarius</span> <span class='ocrx_word' id='word_1_19' title='bbox 883 621 1068 700; x_wconf 65' lang='grc' dir='ltr'><strong>χρονιστὲονῗ</strong></span> <span class='ocrx_word' id='word_1_20' title='bbox 1102 623 1175 695; x_wconf 87' lang='lat' dir='ltr'>Quis</span> <span class='ocrx_word' id='word_1_21' title='bbox 1199 644 1234 683; x_wconf 91' lang='lat' dir='ltr'>ex</span> <span class='ocrx_word' id='word_1_22' title='bbox 1258 624 1334 682; x_wconf 87' lang='lat' dir='ltr'>miro</span> <span class='ocrx_word' id='word_1_23' title='bbox 1358 614 1477 702; x_wconf 73' lang='grc' dir='ltr'><strong>ῥιπίδιον</strong></span> 
     </span>
     <span class='ocr_line' id='line_1_4' title="bbox 194 719 1474 807; baseline -0.002 -15"><span class='ocrx_word' id='word_1_24' title='bbox 194 730 292 801; x_wconf 87' lang='grc'><strong>(1413</strong></span> <span class='ocrx_word' id='word_1_25' title='bbox 306 751 323 788; x_wconf 99' lang='lat' dir='ltr'>a</span> <span class='ocrx_word' id='word_1_26' title='bbox 335 735 353 792; x_wconf 88' lang='lat'>6</span> <span class='ocrx_word' id='word_1_27' title='bbox 364 749 404 782; x_wconf 86' lang='lat'>=</span> <span class='ocrx_word' id='word_1_28' title='bbox 415 734 488 802; x_wconf 83' lang='lat'>323,</span> <span class='ocrx_word' id='word_1_29' title='bbox 508 733 547 791; x_wconf 90' lang='grc'>20</span> <span class='ocrx_word' id='word_1_30' title='bbox 565 722 728 807; x_wconf 78' lang='lat' dir='ltr'>flabellum)</span> <span class='ocrx_word' id='word_1_31' title='bbox 752 735 855 804; x_wconf 88' lang='lat' dir='ltr'>aptum</span> <span class='ocrx_word' id='word_1_32' title='bbox 867 719 1011 805; x_wconf 67' lang='grc' dir='ltr'><strong>111111111νῖ</strong></span> <span class='ocrx_word' id='word_1_33' title='bbox 1037 729 1118 803; x_wconf 86' lang='lat' dir='ltr'>Quis,</span> <span class='ocrx_word' id='word_1_34' title='bbox 1134 750 1184 806; x_wconf 90' lang='lat' dir='ltr'>per</span> <span class='ocrx_word' id='word_1_35' title='bbox 1198 732 1268 789; x_wconf 92' lang='lat' dir='ltr'>deos</span> <span class='ocrx_word' id='word_1_36' title='bbox 1280 730 1474 805; x_wconf 86' lang='lat' dir='ltr'>immortales,</span> 
     </span>
     <span class='ocr_line' id='line_1_5' title="bbox 193 826 1475 912; baseline 0.003 -18"><span class='ocrx_word' id='word_1_37' title='bbox 193 857 229 895; x_wconf 92' lang='lat' dir='ltr'>ex</span> <span class='ocrx_word' id='word_1_38' title='bbox 244 836 420 912; x_wconf 88' lang='lat' dir='ltr'>pravissima</span> <span class='ocrx_word' id='word_1_39' title='bbox 433 835 579 911; x_wconf 88' lang='lat' dir='ltr'>scriptura</span> <span class='ocrx_word' id='word_1_40' title='bbox 591 828 748 899; x_wconf 77' lang='grc' dir='ltr'>κάλλιστος</span> <span class='ocrx_word' id='word_1_41' title='bbox 760 826 779 912; x_wconf 78' lang='grc' dir='ltr'>ἢ</span> <span class='ocrx_word' id='word_1_42' title='bbox 791 833 931 900; x_wconf 76' lang='grc' dir='ltr'>κάκιστος</span> <span class='ocrx_word' id='word_1_43' title='bbox 942 837 1027 895; x_wconf 87' lang='lat' dir='ltr'>unice</span> <span class='ocrx_word' id='word_1_44' title='bbox 1039 856 1138 895; x_wconf 89' lang='lat' dir='ltr'>veram</span> <span class='ocrx_word' id='word_1_45' title='bbox 1158 837 1315 896; x_wconf 88' lang='lat' dir='ltr'>lectionem</span> <span class='ocrx_word' id='word_1_46' title='bbox 1325 828 1475 903; x_wconf 68' lang='grc' dir='ltr'><strong>Καὺνιοςῖ)</strong></span> 
     </span>
    </p>

    <p class='ocr_par' dir='ltr' id='par_1_3' title="bbox 191 942 1505 2176">
     <span class='ocr_line' id='line_1_6' title="bbox 302 942 1505 1020; baseline -0.001 -17"><span class='ocrx_word' id='word_1_47' title='bbox 302 944 365 1003; x_wconf 90' lang='lat' dir='ltr'>Hac</span> <span class='ocrx_word' id='word_1_48' title='bbox 390 962 507 1020; x_wconf 89' lang='lat' dir='ltr'>quoque</span> <span class='ocrx_word' id='word_1_49' title='bbox 531 943 668 1018; x_wconf 89' lang='lat' dir='ltr'>opinione</span> <span class='ocrx_word' id='word_1_50' title='bbox 693 942 843 1000; x_wconf 83' lang='lat' dir='ltr'>confutata</span> <span class='ocrx_word' id='word_1_51' title='bbox 866 947 967 1014; x_wconf 88' lang='lat' dir='ltr'>restat,</span> <span class='ocrx_word' id='word_1_52' title='bbox 992 948 1024 1001; x_wconf 94' lang='lat' dir='ltr'>ut</span> <span class='ocrx_word' id='word_1_53' title='bbox 1048 942 1193 1017; x_wconf 79' lang='lat' dir='ltr'>interpres</span> <span class='ocrx_word' id='word_1_54' title='bbox 1225 942 1359 1002; x_wconf 85' lang='lat' dir='ltr'>codicem</span> <span class='ocrx_word' id='word_1_55' title='bbox 1383 943 1474 1002; x_wconf 88' lang='lat' dir='ltr'>habu·</span> <span class='ocrx_word' id='word_1_56' title='bbox 1502 962 1505 967; x_wconf 90' lang='lat'>·</span> 
     </span>
     <span class='ocr_line' id='line_1_7' title="bbox 192 1048 1473 1127; baseline 0.001 -19"><span class='ocrx_word' id='word_1_57' title='bbox 192 1051 255 1123; x_wconf 90' lang='lat' dir='ltr'>erit,</span> <span class='ocrx_word' id='word_1_58' title='bbox 281 1070 369 1127; x_wconf 82' lang='lat' dir='ltr'>quem</span> <span class='ocrx_word' id='word_1_59' title='bbox 394 1049 494 1108; x_wconf 91' lang='lat' dir='ltr'>neseio</span> <span class='ocrx_word' id='word_1_60' title='bbox 519 1049 584 1126; x_wconf 86' lang='lat' dir='ltr'>quis</span> <span class='ocrx_word' id='word_1_61' title='bbox 609 1056 765 1124; x_wconf 76' lang='lat' dir='ltr'>utramque</span> <span class='ocrx_word' id='word_1_62' title='bbox 788 1048 932 1107; x_wconf 86' lang='lat' dir='ltr'>familiam</span> <span class='ocrx_word' id='word_1_63' title='bbox 948 1068 1127 1125; x_wconf 88' lang='lat' dir='ltr'>comparans</span> <span class='ocrx_word' id='word_1_64' title='bbox 1147 1049 1342 1112; x_wconf 82' lang='lat' dir='ltr'>contexuerit.</span> <span class='ocrx_word' id='word_1_65' title='bbox 1367 1050 1473 1109; x_wconf 88' lang='lat' dir='ltr'>Mirum</span> 
     </span>
     <span class='ocr_line' id='line_1_8' title="bbox 194 1155 1474 1231; baseline 0.002 -16"><span class='ocrx_word' id='word_1_66' title='bbox 194 1157 362 1215; x_wconf 86' lang='lat' dir='ltr'>mehercule</span> <span class='ocrx_word' id='word_1_67' title='bbox 385 1156 496 1215; x_wconf 84' lang='lat' dir='ltr'>virum!</span> <span class='ocrx_word' id='word_1_68' title='bbox 545 1155 673 1214; x_wconf 87' lang='lat' dir='ltr'>Sinceris</span> <span class='ocrx_word' id='word_1_69' title='bbox 697 1155 873 1214; x_wconf 86' lang='lat' dir='ltr'>lectionibus</span> <span class='ocrx_word' id='word_1_70' title='bbox 898 1175 965 1214; x_wconf 90' lang='lat' dir='ltr'>eum</span> <span class='ocrx_word' id='word_1_71' title='bbox 989 1155 1162 1214; x_wconf 83' lang='lat' dir='ltr'>antetulisse</span> <span class='ocrx_word' id='word_1_72' title='bbox 1186 1156 1379 1231; x_wconf 68' lang='lat' dir='ltr'>adulterinas</span> <span class='ocrx_word' id='word_1_73' title='bbox 1404 1158 1474 1218; x_wconf 83' lang='lat' dir='ltr'>diffi-</span> 
     </span>
     <span class='ocr_line' id='line_1_9' title="bbox 193 1261 1474 1337; baseline 0.002 -16"><span class='ocrx_word' id='word_1_74' title='bbox 193 1264 264 1322; x_wconf 90' lang='lat' dir='ltr'>ciles</span> <span class='ocrx_word' id='word_1_75' title='bbox 289 1263 434 1335; x_wconf 86' lang='lat' dir='ltr'>facilibus,</span> <span class='ocrx_word' id='word_1_76' title='bbox 459 1261 595 1321; x_wconf 86' lang='lat' dir='ltr'>dilucidis</span> <span class='ocrx_word' id='word_1_77' title='bbox 619 1263 762 1321; x_wconf 90' lang='lat' dir='ltr'>obscuras</span> <span class='ocrx_word' id='word_1_78' title='bbox 787 1270 874 1337; x_wconf 87' lang='lat' dir='ltr'>atque</span> <span class='ocrx_word' id='word_1_79' title='bbox 898 1262 970 1320; x_wconf 86' lang='lat' dir='ltr'>adeo</span> <span class='ocrx_word' id='word_1_80' title='bbox 995 1262 1076 1321; x_wconf 82' lang='lat' dir='ltr'>onrni</span> <span class='ocrx_word' id='word_1_81' title='bbox 1101 1282 1190 1322; x_wconf 89' lang='lat' dir='ltr'>sensu</span> <span class='ocrx_word' id='word_1_82' title='bbox 1214 1270 1364 1324; x_wconf 77' lang='lat' dir='ltr'>carentes!</span> <span class='ocrx_word' id='word_1_83' title='bbox 1390 1265 1474 1324; x_wconf 84' lang='lat' dir='ltr'>Prae·</span> 
     </span>
     <span class='ocr_line' id='line_1_10' title="bbox 191 1354 1505 1441; baseline 0.002 -14"><span class='ocrx_word' id='word_1_84' title='bbox 191 1377 271 1428; x_wconf 90' lang='lat' dir='ltr'>terea</span> <span class='ocrx_word' id='word_1_85' title='bbox 294 1369 323 1427; x_wconf 90' lang='lat' dir='ltr'>in</span> <span class='ocrx_word' id='word_1_86' title='bbox 346 1369 403 1428; x_wconf 90' lang='lat' dir='ltr'>hac</span> <span class='ocrx_word' id='word_1_87' title='bbox 427 1369 607 1441; x_wconf 85' lang='lat' dir='ltr'>recensione,</span> <span class='ocrx_word' id='word_1_88' title='bbox 634 1369 659 1427; x_wconf 90' lang='lat' dir='ltr'>si</span> <span class='ocrx_word' id='word_1_89' title='bbox 682 1368 723 1427; x_wconf 86' lang='lat' dir='ltr'>ita</span> <span class='ocrx_word' id='word_1_90' title='bbox 746 1368 825 1428; x_wconf 85' lang='lat' dir='ltr'>facta</span> <span class='ocrx_word' id='word_1_91' title='bbox 849 1368 896 1440; x_wconf 90' lang='lat' dir='ltr'>sit,</span> <span class='ocrx_word' id='word_1_92' title='bbox 932 1386 1055 1427; x_wconf 89' lang='lat' dir='ltr'>necesse</span> <span class='ocrx_word' id='word_1_93' title='bbox 1079 1389 1146 1428; x_wconf 89' lang='lat' dir='ltr'>esse</span> <span class='ocrx_word' id='word_1_94' title='bbox 1169 1370 1244 1428; x_wconf 86' lang='lat' dir='ltr'>nilril</span> <span class='ocrx_word' id='word_1_95' title='bbox 1268 1369 1395 1429; x_wconf 88' lang='lat' dir='ltr'>inveniri</span> <span class='ocrx_word' id='word_1_96' title='bbox 1418 1370 1473 1429; x_wconf 92' lang='lat' dir='ltr'>nisi</span> <span class='ocrx_word' id='word_1_97' title='bbox 1502 1354 1505 1361; x_wconf 42' lang='lat'><strong>¹</strong></span> 
     </span>
     <span class='ocr_line' id='line_1_11' title="bbox 195 1475 1472 1553; baseline 0.002 -19"><span class='ocrx_word' id='word_1_98' title='bbox 195 1477 306 1548; x_wconf 90' lang='lat' dir='ltr'>eadem,</span> <span class='ocrx_word' id='word_1_99' title='bbox 332 1476 459 1552; x_wconf 88' lang='lat' dir='ltr'>quaein</span> <span class='ocrx_word' id='word_1_100' title='bbox 484 1475 542 1535; x_wconf 90' lang='lat' dir='ltr'>illis</span> <span class='ocrx_word' id='word_1_101' title='bbox 566 1477 680 1535; x_wconf 90' lang='lat' dir='ltr'>duabus</span> <span class='ocrx_word' id='word_1_102' title='bbox 705 1475 840 1548; x_wconf 84' lang='lat' dir='ltr'>familiis,</span> <span class='ocrx_word' id='word_1_103' title='bbox 876 1475 905 1533; x_wconf 90' lang='lat' dir='ltr'>id</span> <span class='ocrx_word' id='word_1_104' title='bbox 929 1495 1016 1534; x_wconf 88' lang='lat' dir='ltr'>nemo</span> <span class='ocrx_word' id='word_1_105' title='bbox 1049 1495 1108 1534; x_wconf 92' lang='lat' dir='ltr'>non</span> <span class='ocrx_word' id='word_1_106' title='bbox 1133 1479 1283 1539; x_wconf 85' lang='lat' dir='ltr'>concedet.</span> <span class='ocrx_word' id='word_1_107' title='bbox 1332 1478 1472 1553; x_wconf 76' lang='lat' dir='ltr'>Egregiae</span> 
     </span>
     <span class='ocr_line' id='line_1_12' title="bbox 192 1580 1472 1658; baseline 0.002 -18"><span class='ocrx_word' id='word_1_108' title='bbox 192 1582 279 1656; x_wconf 87' lang='lat' dir='ltr'>igitur</span> <span class='ocrx_word' id='word_1_109' title='bbox 302 1582 453 1654; x_wconf 72' lang='lat' dir='ltr'>lectiones</span> <span class='ocrx_word' id='word_1_110' title='bbox 479 1582 606 1658; x_wconf 86' lang='lat' dir='ltr'>quaein</span> <span class='ocrx_word' id='word_1_111' title='bbox 630 1581 824 1640; x_wconf 86' lang='lat' dir='ltr'>translatione</span> <span class='ocrx_word' id='word_1_112' title='bbox 847 1580 895 1640; x_wconf 89' lang='lat' dir='ltr'>hic</span> <span class='ocrx_word' id='word_1_113' title='bbox 919 1581 978 1640; x_wconf 90' lang='lat' dir='ltr'>illic</span> <span class='ocrx_word' id='word_1_114' title='bbox 1002 1582 1088 1641; x_wconf 91' lang='lat' dir='ltr'>nobis</span> <span class='ocrx_word' id='word_1_115' title='bbox 1112 1591 1288 1656; x_wconf 90' lang='lat' dir='ltr'>occurrunt,</span> <span class='ocrx_word' id='word_1_116' title='bbox 1320 1603 1395 1643; x_wconf 89' lang='lat' dir='ltr'>num</span> <span class='ocrx_word' id='word_1_117' title='bbox 1419 1584 1472 1644; x_wconf 90' lang='lat' dir='ltr'>iste</span> 
     </span>
     <span class='ocr_line' id='line_1_13' title="bbox 192 1687 1471 1764; baseline 0.003 -18"><span class='ocrx_word' id='word_1_118' title='bbox 192 1689 377 1764; x_wconf 89' lang='lat' dir='ltr'>conscriptor</span> <span class='ocrx_word' id='word_1_119' title='bbox 400 1688 516 1763; x_wconf 90' lang='lat' dir='ltr'>ingenio</span> <span class='ocrx_word' id='word_1_120' title='bbox 542 1707 596 1747; x_wconf 90' lang='lat' dir='ltr'>suo</span> <span class='ocrx_word' id='word_1_121' title='bbox 620 1688 779 1746; x_wconf 84' lang='lat' dir='ltr'>divinavit?</span> <span class='ocrx_word' id='word_1_122' title='bbox 817 1688 947 1746; x_wconf 90' lang='lat' dir='ltr'>Minime.</span> <span class='ocrx_word' id='word_1_123' title='bbox 981 1687 1126 1749; x_wconf 87' lang='lat' dir='ltr'>Universa</span> <span class='ocrx_word' id='word_1_124' title='bbox 1156 1691 1316 1750; x_wconf 88' lang='lat' dir='ltr'>lectionum</span> <span class='ocrx_word' id='word_1_125' title='bbox 1346 1691 1471 1750; x_wconf 84' lang='lat' dir='ltr'>varietas</span> 
     </span>
     <span class='ocr_line' id='line_1_14' title="bbox 191 1794 1472 1871; baseline 0.003 -19"><span class='ocrx_word' id='word_1_126' title='bbox 191 1794 240 1871; x_wconf 90' lang='lat' dir='ltr'>qui</span> <span class='ocrx_word' id='word_1_127' title='bbox 265 1795 360 1871; x_wconf 89' lang='lat' dir='ltr'>potuit</span> <span class='ocrx_word' id='word_1_128' title='bbox 382 1794 475 1866; x_wconf 87' lang='lat' dir='ltr'>nasci,</span> <span class='ocrx_word' id='word_1_129' title='bbox 501 1794 526 1852; x_wconf 93' lang='lat' dir='ltr'>si</span> <span class='ocrx_word' id='word_1_130' title='bbox 549 1795 622 1852; x_wconf 90' lang='lat' dir='ltr'>liber</span> <span class='ocrx_word' id='word_1_131' title='bbox 645 1794 814 1871; x_wconf 86' lang='lat' dir='ltr'>interpretis</span> <span class='ocrx_word' id='word_1_132' title='bbox 838 1815 874 1853; x_wconf 88' lang='lat' dir='ltr'>ex</span> <span class='ocrx_word' id='word_1_133' title='bbox 898 1795 1013 1854; x_wconf 91' lang='lat' dir='ltr'>duabus</span> <span class='ocrx_word' id='word_1_134' title='bbox 1045 1795 1155 1854; x_wconf 90' lang='lat' dir='ltr'>nostris</span> <span class='ocrx_word' id='word_1_135' title='bbox 1180 1796 1301 1855; x_wconf 88' lang='lat' dir='ltr'>familiis</span> <span class='ocrx_word' id='word_1_136' title='bbox 1331 1796 1472 1856; x_wconf 89' lang='lat' dir='ltr'>contami·</span> 
     </span>
     <span class='ocr_line' id='line_1_15' title="bbox 195 1899 1483 1981; baseline 0.002 -20"><span class='ocrx_word' id='word_1_137' title='bbox 195 1909 284 1961; x_wconf 89' lang='lat' dir='ltr'>natus</span> <span class='ocrx_word' id='word_1_138' title='bbox 308 1905 374 1960; x_wconf 82' lang='lat' dir='ltr'>est?</span> <span class='ocrx_word' id='word_1_139' title='bbox 415 1901 462 1959; x_wconf 84' lang='lat' dir='ltr'>An</span> <span class='ocrx_word' id='word_1_140' title='bbox 486 1901 559 1959; x_wconf 92' lang='lat' dir='ltr'>baec</span> <span class='ocrx_word' id='word_1_141' title='bbox 583 1899 683 1959; x_wconf 92' lang='lat' dir='ltr'>omnia</span> <span class='ocrx_word' id='word_1_142' title='bbox 706 1919 778 1959; x_wconf 88' lang='lat' dir='ltr'>casu</span> <span class='ocrx_word' id='word_1_143' title='bbox 802 1919 836 1959; x_wconf 88' lang='lat' dir='ltr'>ac</span> <span class='ocrx_word' id='word_1_144' title='bbox 860 1901 979 1959; x_wconf 84' lang='lat' dir='ltr'>fortuito</span> <span class='ocrx_word' id='word_1_145' title='bbox 1003 1901 1192 1962; x_wconf 78' lang='lat' dir='ltr'>acciderunt?</span> <span class='ocrx_word' id='word_1_146' title='bbox 1234 1903 1307 1975; x_wconf 80' lang='lat' dir='ltr'>Quis</span> <span class='ocrx_word' id='word_1_147' title='bbox 1337 1906 1398 1978; x_wconf 84' lang='lat' dir='ltr'>est,</span> <span class='ocrx_word' id='word_1_148' title='bbox 1427 1901 1483 1981; x_wconf 79' lang='lat' dir='ltr'>qui·</span> 
     </span>
     <span class='ocr_line' id='line_1_16' title="bbox 191 2006 1472 2086; baseline 0.002 -19"><span class='ocrx_word' id='word_1_149' title='bbox 191 2009 249 2067; x_wconf 89' lang='lat' dir='ltr'>hoc</span> <span class='ocrx_word' id='word_1_150' title='bbox 273 2008 452 2067; x_wconf 82' lang='lat' dir='ltr'>contendat?</span> <span class='ocrx_word' id='word_1_151' title='bbox 477 2006 553 2082; x_wconf 85' lang='lat' dir='ltr'>Ergo</span> <span class='ocrx_word' id='word_1_152' title='bbox 578 2007 624 2065; x_wconf 92' lang='lat' dir='ltr'>his</span> <span class='ocrx_word' id='word_1_153' title='bbox 649 2007 787 2066; x_wconf 90' lang='lat' dir='ltr'>omnibus</span> <span class='ocrx_word' id='word_1_154' title='bbox 812 2007 1001 2083; x_wconf 91' lang='lat' dir='ltr'>opinionibus</span> <span class='ocrx_word' id='word_1_155' title='bbox 1025 2009 1179 2068; x_wconf 88' lang='lat' dir='ltr'>dissolutis</span> <span class='ocrx_word' id='word_1_156' title='bbox 1199 2009 1348 2086; x_wconf 88' lang='lat' dir='ltr'>reliquum</span> <span class='ocrx_word' id='word_1_157' title='bbox 1364 2016 1420 2077; x_wconf 79' lang='lat' dir='ltr'>est,</span> <span class='ocrx_word' id='word_1_158' title='bbox 1442 2015 1472 2070; x_wconf 91' lang='lat' dir='ltr'>ut</span> 
     </span>
     <span class='ocr_line' id='line_1_17' title="bbox 192 2114 1290 2176; baseline 0.002 -3"><span class='ocrx_word' id='word_1_159' title='bbox 192 2121 308 2174; x_wconf 89' lang='lat' dir='ltr'>vetusta</span> <span class='ocrx_word' id='word_1_160' title='bbox 331 2115 526 2174; x_wconf 89' lang='lat' dir='ltr'>translatione</span> <span class='ocrx_word' id='word_1_161' title='bbox 549 2114 671 2174; x_wconf 87' lang='lat' dir='ltr'>tertia</span> <span class='ocrx_word' id='word_1_162' title='bbox 695 2115 831 2173; x_wconf 90' lang='lat' dir='ltr'>codicum</span> <span class='ocrx_word' id='word_1_163' title='bbox 855 2114 968 2174; x_wconf 85' lang='lat' dir='ltr'>familia</span> <span class='ocrx_word' id='word_1_164' title='bbox 991 2115 1076 2174; x_wconf 90' lang='lat' dir='ltr'>nobis</span> <span class='ocrx_word' id='word_1_165' title='bbox 1102 2123 1217 2175; x_wconf 89' lang='lat' dir='ltr'>servata</span> <span class='ocrx_word' id='word_1_166' title='bbox 1240 2116 1290 2176; x_wconf 75' lang='lat' dir='ltr'>sit:</span> 
     </span>
    </p>

    <p class='ocr_par' dir='ltr' id='par_1_4' title="bbox 190 2221 1497 3048">
     <span class='ocr_line' id='line_1_18' title="bbox 297 2221 1497 2298; baseline 0.003 -18"><span class='ocrx_word' id='word_1_167' title='bbox 297 2221 393 2298; x_wconf 85' lang='lat' dir='ltr'>Atque</span> <span class='ocrx_word' id='word_1_168' title='bbox 416 2228 449 2280; x_wconf 91' lang='lat' dir='ltr'>ut</span> <span class='ocrx_word' id='word_1_169' title='bbox 472 2229 499 2281; x_wconf 92' lang='lat' dir='ltr'>et</span> <span class='ocrx_word' id='word_1_170' title='bbox 514 2222 591 2281; x_wconf 87' lang='lat' dir='ltr'>hanc</span> <span class='ocrx_word' id='word_1_171' title='bbox 608 2228 636 2280; x_wconf 90' lang='lat' dir='ltr'>et</span> <span class='ocrx_word' id='word_1_172' title='bbox 652 2221 819 2297; x_wconf 88' lang='lat' dir='ltr'>superiores</span> <span class='ocrx_word' id='word_1_173' title='bbox 836 2221 1106 2296; x_wconf 80' lang='lat' dir='ltr'>argumentationes</span> <span class='ocrx_word' id='word_1_174' title='bbox 1123 2223 1216 2281; x_wconf 90' lang='lat' dir='ltr'>multo</span> <span class='ocrx_word' id='word_1_175' title='bbox 1233 2222 1330 2297; x_wconf 90' lang='lat' dir='ltr'>magis</span> <span class='ocrx_word' id='word_1_176' title='bbox 1346 2222 1470 2296; x_wconf 84' lang='lat' dir='ltr'>firmem,</span> <span class='ocrx_word' id='word_1_177' title='bbox 1494 2230 1497 2235; x_wconf 87' lang='lat'>&#39;</span> 
     </span>
     <span class='ocr_line' id='line_1_19' title="bbox 190 2327 1472 2405; baseline 0.002 -17"><span class='ocrx_word' id='word_1_178' title='bbox 190 2329 311 2389; x_wconf 88' lang='lat' dir='ltr'>tandem</span> <span class='ocrx_word' id='word_1_179' title='bbox 334 2329 493 2405; x_wconf 84' lang='lat' dir='ltr'>aliquando</span> <span class='ocrx_word' id='word_1_180' title='bbox 517 2328 639 2400; x_wconf 86' lang='lat' dir='ltr'>faciam,</span> <span class='ocrx_word' id='word_1_181' title='bbox 676 2329 754 2404; x_wconf 88' lang='lat' dir='ltr'>quod</span> <span class='ocrx_word' id='word_1_182' title='bbox 778 2327 838 2387; x_wconf 87' lang='lat' dir='ltr'>iam</span> <span class='ocrx_word' id='word_1_183' title='bbox 863 2328 975 2405; x_wconf 89' lang='lat' dir='ltr'>pridem</span> <span class='ocrx_word' id='word_1_184' title='bbox 1001 2328 1149 2405; x_wconf 89' lang='lat' dir='ltr'>pollicitus</span> <span class='ocrx_word' id='word_1_185' title='bbox 1174 2349 1250 2392; x_wconf 89' lang='lat' dir='ltr'>surn.</span> <span class='ocrx_word' id='word_1_186' title='bbox 1298 2330 1472 2391; x_wconf 88' lang='lat' dir='ltr'>Lectionum</span> 
     </span>
     <span class='ocr_line' id='line_1_20' title="bbox 190 2433 1470 2514; baseline 0.003 -21"><span class='ocrx_word' id='word_1_187' title='bbox 190 2440 324 2493; x_wconf 88' lang='lat' dir='ltr'>vetustae</span> <span class='ocrx_word' id='word_1_188' title='bbox 347 2434 549 2494; x_wconf 87' lang='lat' dir='ltr'>translationis</span> <span class='ocrx_word' id='word_1_189' title='bbox 575 2434 767 2510; x_wconf 91' lang='lat' dir='ltr'>propriarum</span> <span class='ocrx_word' id='word_1_190' title='bbox 791 2433 821 2493; x_wconf 92' lang='lat' dir='ltr'>in</span> <span class='ocrx_word' id='word_1_191' title='bbox 846 2454 987 2511; x_wconf 86' lang='lat' dir='ltr'>praesens</span> <span class='ocrx_word' id='word_1_192' title='bbox 1005 2436 1110 2494; x_wconf 89' lang='lat' dir='ltr'>saltem</span> <span class='ocrx_word' id='word_1_193' title='bbox 1135 2455 1194 2509; x_wconf 76' lang='lat' dir='ltr'>eaS,</span> <span class='ocrx_word' id='word_1_194' title='bbox 1220 2455 1296 2514; x_wconf 86' lang='lat' dir='ltr'>quae</span> <span class='ocrx_word' id='word_1_195' title='bbox 1311 2436 1343 2497; x_wconf 89' lang='grc'>111</span> <span class='ocrx_word' id='word_1_196' title='bbox 1359 2438 1380 2498; x_wconf 95' lang='lat' dir='ltr'>l.</span> <span class='ocrx_word' id='word_1_197' title='bbox 1398 2439 1470 2498; x_wconf 91' lang='lat' dir='ltr'>libro</span> 
     </span>
     <span class='ocr_line' id='line_1_21' title="bbox 191 2541 1471 2619; baseline 0.003 -19"><span class='ocrx_word' id='word_1_198' title='bbox 191 2548 268 2614; x_wconf 91' lang='lat' dir='ltr'>sunt,</span> <span class='ocrx_word' id='word_1_199' title='bbox 293 2542 323 2600; x_wconf 93' lang='lat' dir='ltr'>in</span> <span class='ocrx_word' id='word_1_200' title='bbox 347 2542 477 2600; x_wconf 90' lang='lat' dir='ltr'>medium</span> <span class='ocrx_word' id='word_1_201' title='bbox 501 2541 659 2618; x_wconf 82' lang='lat' dir='ltr'>proteram.</span> <span class='ocrx_word' id='word_1_202' title='bbox 709 2542 773 2601; x_wconf 91' lang='lat' dir='ltr'>Hoc</span> <span class='ocrx_word' id='word_1_203' title='bbox 798 2561 913 2618; x_wconf 86' lang='lat' dir='ltr'>quoque</span> <span class='ocrx_word' id='word_1_204' title='bbox 937 2561 1046 2601; x_wconf 87' lang='lat' dir='ltr'>munus</span> <span class='ocrx_word' id='word_1_205' title='bbox 1072 2560 1160 2619; x_wconf 90' lang='lat' dir='ltr'>quam</span> <span class='ocrx_word' id='word_1_206' title='bbox 1184 2544 1360 2605; x_wconf 87' lang='lat' dir='ltr'>brevissime</span> <span class='ocrx_word' id='word_1_207' title='bbox 1376 2546 1471 2606; x_wconf 89' lang='lat' dir='ltr'>absol·</span> 
     </span>
     <span class='ocr_line' id='line_1_22' title="bbox 190 2629 1469 2727; baseline 0.004 -21"><span class='ocrx_word' id='word_1_208' title='bbox 190 2668 266 2722; x_wconf 88' lang='lat' dir='ltr'>vam,</span> <span class='ocrx_word' id='word_1_209' title='bbox 291 2668 328 2707; x_wconf 90' lang='lat' dir='ltr'>ne</span> <span class='ocrx_word' id='word_1_210' title='bbox 350 2649 448 2721; x_wconf 89' lang='lat' dir='ltr'>rebus,</span> <span class='ocrx_word' id='word_1_211' title='bbox 473 2668 548 2724; x_wconf 87' lang='lat' dir='ltr'>quae</span> <span class='ocrx_word' id='word_1_212' title='bbox 572 2650 608 2707; x_wconf 92' lang='lat' dir='ltr'>ad</span> <span class='ocrx_word' id='word_1_213' title='bbox 632 2649 709 2708; x_wconf 89' lang='lat' dir='ltr'>hanc</span> <span class='ocrx_word' id='word_1_214' title='bbox 733 2649 936 2725; x_wconf 89' lang='lat' dir='ltr'>quaestionem</span> <span class='ocrx_word' id='word_1_215' title='bbox 960 2649 1057 2725; x_wconf 88' lang='lat' dir='ltr'>ipsam</span> <span class='ocrx_word' id='word_1_216' title='bbox 1073 2669 1132 2708; x_wconf 91' lang='lat' dir='ltr'>non</span> <span class='ocrx_word' id='word_1_217' title='bbox 1157 2650 1314 2727; x_wconf 90' lang='lat' dir='ltr'>pertinent,</span> <span class='ocrx_word' id='word_1_218' title='bbox 1340 2629 1469 2727; x_wconf 87' lang='lat' dir='ltr'>legentes</span> 
     </span>
     <span class='ocr_line' id='line_1_23' title="bbox 190 2754 1470 2832; baseline 0.004 -20"><span class='ocrx_word' id='word_1_219' title='bbox 190 2755 320 2829; x_wconf 81' lang='lat' dir='ltr'>fatigem.</span> <span class='ocrx_word' id='word_1_220' title='bbox 368 2755 468 2831; x_wconf 89' lang='lat' dir='ltr'>ltaque</span> <span class='ocrx_word' id='word_1_221' title='bbox 491 2773 542 2814; x_wconf 89' lang='lat' dir='ltr'>eos</span> <span class='ocrx_word' id='word_1_222' title='bbox 565 2755 664 2828; x_wconf 92' lang='lat' dir='ltr'>locos,</span> <span class='ocrx_word' id='word_1_223' title='bbox 697 2754 747 2831; x_wconf 90' lang='lat' dir='ltr'>qui</span> <span class='ocrx_word' id='word_1_224' title='bbox 771 2755 841 2830; x_wconf 90' lang='lat' dir='ltr'>quin</span> <span class='ocrx_word' id='word_1_225' title='bbox 873 2755 1041 2832; x_wconf 88' lang='lat' dir='ltr'>depravatis</span> <span class='ocrx_word' id='word_1_226' title='bbox 1075 2757 1172 2815; x_wconf 90' lang='lat' dir='ltr'>solum</span> <span class='ocrx_word' id='word_1_227' title='bbox 1195 2757 1292 2817; x_wconf 91' lang='lat' dir='ltr'>verbis</span> <span class='ocrx_word' id='word_1_228' title='bbox 1316 2756 1470 2817; x_wconf 83' lang='lat' dir='ltr'>Latinisa</span> 
     </span>
     <span class='ocr_line' id='line_1_24' title="bbox 191 2860 1469 2940; baseline 0.002 -19"><span class='ocrx_word' id='word_1_229' title='bbox 191 2860 312 2921; x_wconf 89' lang='lat' dir='ltr'>Graecis</span> <span class='ocrx_word' id='word_1_230' title='bbox 335 2861 502 2938; x_wconf 85' lang='lat' dir='ltr'>discrepent</span> <span class='ocrx_word' id='word_1_231' title='bbox 526 2860 649 2921; x_wconf 88' lang='lat' dir='ltr'>dubium</span> <span class='ocrx_word' id='word_1_232' title='bbox 671 2880 729 2920; x_wconf 91' lang='lat' dir='ltr'>non</span> <span class='ocrx_word' id='word_1_233' title='bbox 754 2868 808 2935; x_wconf 89' lang='lat' dir='ltr'>est,</span> <span class='ocrx_word' id='word_1_234' title='bbox 833 2861 938 2921; x_wconf 90' lang='lat' dir='ltr'>deinde</span> <span class='ocrx_word' id='word_1_235' title='bbox 962 2882 1022 2936; x_wconf 89' lang='lat' dir='ltr'>eos,</span> <span class='ocrx_word' id='word_1_236' title='bbox 1047 2862 1097 2922; x_wconf 93' lang='lat' dir='ltr'>ubi</span> <span class='ocrx_word' id='word_1_237' title='bbox 1121 2870 1173 2923; x_wconf 88' lang='lat' dir='ltr'>aut</span> <span class='ocrx_word' id='word_1_238' title='bbox 1189 2863 1318 2939; x_wconf 81' lang='lat' dir='ltr'>Spengel</span> <span class='ocrx_word' id='word_1_239' title='bbox 1342 2871 1394 2924; x_wconf 86' lang='lat' dir='ltr'>aut</span> <span class='ocrx_word' id='word_1_240' title='bbox 1417 2883 1469 2940; x_wconf 85' lang='lat' dir='ltr'>ego</span> 
     </span>
     <span class='ocr_line' id='line_1_25' title="bbox 190 2967 1470 3048; baseline 0.003 -21"><span class='ocrx_word' id='word_1_241' title='bbox 190 2968 363 3028; x_wconf 90' lang='lat' dir='ltr'>varietatem</span> <span class='ocrx_word' id='word_1_242' title='bbox 380 2968 458 3028; x_wconf 91' lang='lat' dir='ltr'>haud</span> <span class='ocrx_word' id='word_1_243' title='bbox 474 2967 587 3027; x_wconf 91' lang='lat' dir='ltr'>incerta</span> <span class='ocrx_word' id='word_1_244' title='bbox 603 2967 807 3027; x_wconf 88' lang='lat' dir='ltr'>emendatione</span> <span class='ocrx_word' id='word_1_245' title='bbox 823 2968 1008 3042; x_wconf 90' lang='lat' dir='ltr'>sustulimus,</span> <span class='ocrx_word' id='word_1_246' title='bbox 1033 2970 1177 3032; x_wconf 88' lang='lat' dir='ltr'>omittam.</span> <span class='ocrx_word' id='word_1_247' title='bbox 1211 2971 1470 3048; x_wconf 88' lang='lat' dir='ltr'>Supervacaneum</span> 
     </span>
    </p>
   </div>
   <div class='ocr_carea' id='block_1_3' title="bbox 187 3073 1512 4227">
    <p class='ocr_par' dir='ltr' id='par_1_5' title="bbox 191 3073 1508 3365">
     <span class='ocr_line' id='line_1_26' title="bbox 191 3073 1468 3154; baseline 0.003 -20"><span class='ocrx_word' id='word_1_248' title='bbox 191 3075 317 3152; x_wconf 89' lang='lat' dir='ltr'>denique</span> <span class='ocrx_word' id='word_1_249' title='bbox 340 3083 411 3151; x_wconf 91' lang='lat' dir='ltr'>puto</span> <span class='ocrx_word' id='word_1_250' title='bbox 435 3074 628 3134; x_wconf 87' lang='lat' dir='ltr'>creberrimos</span> <span class='ocrx_word' id='word_1_251' title='bbox 652 3073 719 3133; x_wconf 91' lang='lat' dir='ltr'>illos</span> <span class='ocrx_word' id='word_1_252' title='bbox 743 3074 825 3133; x_wconf 91' lang='lat' dir='ltr'>locos</span> <span class='ocrx_word' id='word_1_253' title='bbox 852 3082 973 3148; x_wconf 87' lang='lat' dir='ltr'>notare,</span> <span class='ocrx_word' id='word_1_254' title='bbox 1006 3075 1113 3152; x_wconf 90' lang='lat' dir='ltr'>quibus</span> <span class='ocrx_word' id='word_1_255' title='bbox 1137 3075 1283 3153; x_wconf 89' lang='lat' dir='ltr'>interpres</span> <span class='ocrx_word' id='word_1_256' title='bbox 1308 3078 1468 3154; x_wconf 84' lang='lat' dir='ltr'>particulas</span> 
     </span>
     <span class='ocr_line' id='line_1_27' title="bbox 191 3172 1468 3261; baseline 0.005 -21"><span class='ocrx_word' id='word_1_257' title='bbox 191 3181 319 3240; x_wconf 87' lang='lat' dir='ltr'>Graecas</span> <span class='ocrx_word' id='word_1_258' title='bbox 336 3183 381 3255; x_wconf 88' lang='lat' dir='ltr'>(ut</span> <span class='ocrx_word' id='word_1_259' title='bbox 397 3180 457 3259; x_wconf 81' lang='grc' dir='ltr'>μέν,</span> <span class='ocrx_word' id='word_1_260' title='bbox 474 3176 514 3251; x_wconf 80' lang='grc' dir='ltr'>δέ,</span> <span class='ocrx_word' id='word_1_261' title='bbox 530 3181 595 3259; x_wconf 74' lang='grc' dir='ltr'>γάρ,</span> <span class='ocrx_word' id='word_1_262' title='bbox 612 3172 670 3250; x_wconf 74' lang='grc' dir='ltr'>οὖν,</span> <span class='ocrx_word' id='word_1_263' title='bbox 686 3179 786 3256; x_wconf 59' lang='grc'><strong>1111)</strong></span> <span class='ocrx_word' id='word_1_264' title='bbox 811 3181 948 3257; x_wconf 83' lang='lat' dir='ltr'>neglexit.</span> <span class='ocrx_word' id='word_1_265' title='bbox 974 3182 1017 3243; x_wconf 84' lang='lat' dir='ltr'>Ex</span> <span class='ocrx_word' id='word_1_266' title='bbox 1040 3183 1092 3243; x_wconf 94' lang='lat' dir='ltr'>tali</span> <span class='ocrx_word' id='word_1_267' title='bbox 1116 3183 1195 3243; x_wconf 90' lang='lat' dir='ltr'>enim</span> <span class='ocrx_word' id='word_1_268' title='bbox 1218 3184 1371 3261; x_wconf 87' lang='lat' dir='ltr'>diligentia</span> <span class='ocrx_word' id='word_1_269' title='bbox 1394 3185 1468 3246; x_wconf 89' lang='lat' dir='ltr'>nihil</span> 
     </span>
     <span class='ocr_line' id='line_1_28' title="bbox 194 3280 1508 3365; baseline 0.003 -19"><span class='ocrx_word' id='word_1_270' title='bbox 194 3287 314 3347; x_wconf 85' lang='lat' dir='ltr'>omnino</span> <span class='ocrx_word' id='word_1_271' title='bbox 339 3288 451 3347; x_wconf 87' lang='lat' dir='ltr'>fructus</span> <span class='ocrx_word' id='word_1_272' title='bbox 476 3288 646 3365; x_wconf 89' lang='lat' dir='ltr'>percipitur.</span> <span class='ocrx_word' id='word_1_273' title='bbox 1506 3280 1508 3285; x_wconf 42' lang='lat'><strong>¹</strong></span> 
     </span>
    </p>

    <p class='ocr_par' dir='ltr' id='par_1_6' title="bbox 191 3386 1512 3582">
     <span class='ocr_line' id='line_1_29' title="bbox 299 3386 1469 3476; baseline 0.003 -22"><span class='ocrx_word' id='word_1_274' title='bbox 299 3395 384 3456; x_wconf 86' lang='grc'><strong>1354</strong></span> <span class='ocrx_word' id='word_1_275' title='bbox 400 3415 418 3454; x_wconf 88' lang='lat' dir='ltr'>a</span> <span class='ocrx_word' id='word_1_276' title='bbox 435 3400 452 3457; x_wconf 88' lang='grc'>2</span> <span class='ocrx_word' id='word_1_277' title='bbox 471 3394 557 3467; x_wconf 82' lang='grc'><strong>(178,</strong></span> <span class='ocrx_word' id='word_1_278' title='bbox 576 3392 608 3465; x_wconf 89' lang='grc'>2)</span> <span class='ocrx_word' id='word_1_279' title='bbox 633 3393 829 3453; x_wconf 89' lang='lat' dir='ltr'>communiter</span> <span class='ocrx_word' id='word_1_280' title='bbox 852 3386 907 3473; x_wconf 90' lang='lat'>(=</span> <span class='ocrx_word' id='word_1_281' title='bbox 923 3399 1036 3465; x_wconf 79' lang='grc' dir='ltr'><strong>κοινῶς,</strong></span> <span class='ocrx_word' id='word_1_282' title='bbox 1060 3390 1156 3476; x_wconf 62' lang='lat' dir='ltr'>corrig)</span> <span class='ocrx_word' id='word_1_283' title='bbox 1181 3428 1221 3439; x_wconf 93' lang='lat'>-</span> <span class='ocrx_word' id='word_1_284' title='bbox 1238 3397 1333 3458; x_wconf 77' lang='grc' dir='ltr'><strong>κοινά.</strong></span> <span class='ocrx_word' id='word_1_285' title='bbox 1356 3397 1469 3459; x_wconf 81' lang='lat' dir='ltr'>Referri</span> 
     </span>
     <span class='ocr_line' id='line_1_30' title="bbox 191 3462 1512 3582; baseline -0.002 -22"><span class='ocrx_word' id='word_1_286' title='bbox 191 3507 287 3578; x_wconf 88' lang='lat' dir='ltr'>potest</span> <span class='ocrx_word' id='word_1_287' title='bbox 311 3501 481 3560; x_wconf 88' lang='lat' dir='ltr'>adverbium</span> <span class='ocrx_word' id='word_1_288' title='bbox 505 3491 741 3569; x_wconf 76' lang='grc' dir='ltr'><strong>111,,ἁπάντων“.</strong></span> <span class='ocrx_word' id='word_1_289' title='bbox 1497 3462 1512 3582; x_wconf 70' lang='lat' dir='ltr'>l</span> 
     </span>
    </p>

    <p class='ocr_par' dir='ltr' id='par_1_7' title="bbox 189 3599 1512 3786">
     <span class='ocr_line' id='line_1_31' title="bbox 298 3599 1512 3694; baseline 0.003 -24"><span class='ocrx_word' id='word_1_290' title='bbox 298 3611 474 3671; x_wconf 83' lang='lat' dir='ltr'>1354a10</span> <span class='ocrx_word' id='word_1_291' title='bbox 499 3607 659 3682; x_wconf 83' lang='lat'>(178,10)</span> <span class='ocrx_word' id='word_1_292' title='bbox 683 3607 770 3667; x_wconf 89' lang='lat' dir='ltr'>huius</span> <span class='ocrx_word' id='word_1_293' title='bbox 794 3605 1044 3690; x_wconf 72' lang='lat' dir='ltr'>causam—rip</span> <span class='ocrx_word' id='word_1_294' title='bbox 1067 3599 1168 3668; x_wconf 78' lang='grc' dir='ltr'><strong>αἰτίαν.</strong></span> <span class='ocrx_word' id='word_1_295' title='bbox 1200 3610 1468 3690; x_wconf 86' lang='lat' dir='ltr'>Superiluumpro·</span> <span class='ocrx_word' id='word_1_296' title='bbox 1509 3644 1512 3694; x_wconf 74' lang='lat' dir='ltr'>j</span> 
     </span>
     <span class='ocr_line' id='line_1_32' title="bbox 189 3710 1165 3786; baseline 0.004 -17"><span class='ocrx_word' id='word_1_297' title='bbox 189 3734 296 3776; x_wconf 82' lang='lat' dir='ltr'>nomen</span> <span class='ocrx_word' id='word_1_298' title='bbox 320 3710 421 3771; x_wconf 75' lang='lat' dir='ltr'>cebron</span> <span class='ocrx_word' id='word_1_299' title='bbox 445 3713 563 3773; x_wconf 84' lang='lat' dir='ltr'>exhibet</span> <span class='ocrx_word' id='word_1_300' title='bbox 586 3714 675 3773; x_wconf 91' lang='lat' dir='ltr'>etiarn</span> <span class='ocrx_word' id='word_1_301' title='bbox 699 3714 735 3786; x_wconf 89' lang='lat' dir='ltr'>Q.</span> <span class='ocrx_word' id='word_1_302' title='bbox 1162 3778 1165 3784; x_wconf 62' lang='grc'><strong>,</strong></span> 
     </span>
    </p>

    <p class='ocr_par' dir='ltr' id='par_1_8' title="bbox 187 3813 1493 4227">
     <span class='ocr_line' id='line_1_33' title="bbox 296 3813 1469 3905; baseline 0.003 -22"><span class='ocrx_word' id='word_1_303' title='bbox 296 3824 381 3883; x_wconf 90' lang='grc'><strong>1354</strong></span> <span class='ocrx_word' id='word_1_304' title='bbox 406 3840 423 3880; x_wconf 91' lang='lat' dir='ltr'>a</span> <span class='ocrx_word' id='word_1_305' title='bbox 448 3825 487 3884; x_wconf 88' lang='lat'>12</span> <span class='ocrx_word' id='word_1_306' title='bbox 515 3813 603 3898; x_wconf 78' lang='lat'>(178,</span> <span class='ocrx_word' id='word_1_307' title='bbox 629 3814 684 3895; x_wconf 91' lang='grc'>13)</span> <span class='ocrx_word' id='word_1_308' title='bbox 713 3821 810 3898; x_wconf 86' lang='lat' dir='ltr'>adepti</span> <span class='ocrx_word' id='word_1_309' title='bbox 834 3830 903 3882; x_wconf 90' lang='lat' dir='ltr'>sunt</span> <span class='ocrx_word' id='word_1_310' title='bbox 923 3855 957 3864; x_wconf 92' lang='lat'>-</span> <span class='ocrx_word' id='word_1_311' title='bbox 977 3823 1180 3905; x_wconf 78' lang='grc' dir='ltr'><strong>πεποιήκασιν;</strong></span> <span class='ocrx_word' id='word_1_312' title='bbox 1204 3845 1296 3902; x_wconf 84' lang='lat' dir='ltr'>marg.</span> <span class='ocrx_word' id='word_1_313' title='bbox 1321 3825 1362 3886; x_wconf 67' lang='grc' dir='ltr'>11ο</span> <span class='ocrx_word' id='word_1_314' title='bbox 1375 3842 1469 3887; x_wconf 74' lang='grc' dir='ltr'>πεπο-</span> 
     </span>
     <span class='ocr_line' id='line_1_34' title="bbox 187 3922 1489 4012; baseline 0.009 -29"><span class='ocrx_word' id='word_1_315' title='bbox 187 3922 293 4004; x_wconf 78' lang='lat' dir='ltr'>ptnaot.</span> <span class='ocrx_word' id='word_1_316' title='bbox 350 3927 424 3987; x_wconf 82' lang='lat' dir='ltr'>Cum</span> <span class='ocrx_word' id='word_1_317' title='bbox 456 3928 601 4004; x_wconf 87' lang='lat' dir='ltr'>interpres</span> <span class='ocrx_word' id='word_1_318' title='bbox 632 3926 755 4004; x_wconf 90' lang='lat' dir='ltr'>ubique,</span> <span class='ocrx_word' id='word_1_319' title='bbox 785 3931 862 4005; x_wconf 88' lang='lat' dir='ltr'>quod</span> <span class='ocrx_word' id='word_1_320' title='bbox 893 3931 1093 4005; x_wconf 89' lang='lat' dir='ltr'>meminerim,</span> <span class='ocrx_word' id='word_1_321' title='bbox 1127 3930 1249 4012; x_wconf 75' lang='grc' dir='ltr'>πορίζειν</span> <span class='ocrx_word' id='word_1_322' title='bbox 1278 3935 1369 3994; x_wconf 89' lang='lat' dir='ltr'>verbo</span> <span class='ocrx_word' id='word_1_323' title='bbox 1403 3944 1489 3997; x_wconf 84' lang='lat' dir='ltr'>ac-&#39;</span> 
     </span>
     <span class='ocr_line' id='line_1_35' title="bbox 188 4033 1493 4119; baseline 0.011 -27"><span class='ocrx_word' id='word_1_324' title='bbox 188 4033 343 4110; x_wconf 83' lang='lat' dir='ltr'>quirere</span> <span class='ocrx_word' id='word_1_325' title='bbox 366 4035 476 4108; x_wconf 90' lang='lat' dir='ltr'>reddat,</span> <span class='ocrx_word' id='word_1_326' title='bbox 501 4035 589 4094; x_wconf 91' lang='lat' dir='ltr'>verbo</span> <span class='ocrx_word' id='word_1_327' title='bbox 614 4034 784 4112; x_wconf 90' lang='lat' dir='ltr'>adipisci</span> <span class='ocrx_word' id='word_1_328' title='bbox 812 4042 911 4095; x_wconf 90' lang='lat' dir='ltr'>autem</span> <span class='ocrx_word' id='word_1_329' title='bbox 927 4055 986 4096; x_wconf 91' lang='lat' dir='ltr'>uno</span> <span class='ocrx_word' id='word_1_330' title='bbox 1001 4039 1067 4099; x_wconf 91' lang='lat' dir='ltr'>loco</span> <span class='ocrx_word' id='word_1_331' title='bbox 1096 4033 1407 4119; x_wconf 81' lang='lat' dir='ltr'>(1387b5=262,</span> <span class='ocrx_word' id='word_1_332' title='bbox 1426 4047 1493 4107; x_wconf 84' lang='lat'>30·</span> 
     </span>
     <span class='ocr_line' id='line_1_36' title="bbox 187 4134 1469 4227; baseline 0.012 -31"><span class='ocrx_word' id='word_1_333' title='bbox 187 4135 319 4196; x_wconf 74' lang='grc' dir='ltr'>κτᾶσθαι</span> <span class='ocrx_word' id='word_1_334' title='bbox 342 4159 383 4194; x_wconf 90' lang='lat'>=</span> <span class='ocrx_word' id='word_1_335' title='bbox 410 4134 563 4220; x_wconf 68' lang='lat' dir='ltr'>adipiscit)</span> <span class='ocrx_word' id='word_1_336' title='bbox 593 4141 673 4201; x_wconf 89' lang='lat' dir='ltr'>aliud</span> <span class='ocrx_word' id='word_1_337' title='bbox 700 4143 822 4201; x_wconf 90' lang='lat' dir='ltr'>verbum</span> <span class='ocrx_word' id='word_1_338' title='bbox 845 4144 1022 4220; x_wconf 86' lang='lat' dir='ltr'>respondeat</span> <span class='ocrx_word' id='word_1_339' title='bbox 1050 4164 1085 4204; x_wconf 88' lang='lat' dir='ltr'>ac</span> <span class='ocrx_word' id='word_1_340' title='bbox 1115 4144 1278 4226; x_wconf 78' lang='grc' dir='ltr'><strong>τυγχάνειν,</strong></span> <span class='ocrx_word' id='word_1_341' title='bbox 1310 4147 1369 4208; x_wconf 91' lang='lat' dir='ltr'>hoc</span> <span class='ocrx_word' id='word_1_342' title='bbox 1393 4168 1469 4227; x_wconf 88' lang='lat' dir='ltr'>quo·</span> 
     </span>
    </p>
   </div>
   <div class='ocr_carea' id='block_1_4' title="bbox 193 4252 380 4263">
    <p class='ocr_par' dir='ltr' id='par_1_9' title="bbox 193 4252 380 4263">
     <span class='ocr_line' id='line_1_37' title="bbox 193 4252 380 4263; baseline -0.011 0"><span class='ocrx_word' id='word_1_343' title='bbox 193 4252 341 4263; x_wconf 44' lang='lat' dir='ltr'>——W</span> <span class='ocrx_word' id='word_1_344' title='bbox 350 4254 380 4259; x_wconf 67' lang='grc' dir='ltr'>-υ</span> 
     </span>
    </p>
   </div>
   <div class='ocr_carea' id='block_1_5' title="bbox 188 4294 1468 4547">
    <p class='ocr_par' dir='ltr' id='par_1_10' title="bbox 188 4294 1468 4547">
     <span class='ocr_line' id='line_1_38' title="bbox 295 4294 1467 4371; baseline 0.007 -22"><span class='ocrx_word' id='word_1_345' title='bbox 295 4294 320 4361; x_wconf 88' lang='grc'>*)</span> <span class='ocrx_word' id='word_1_346' title='bbox 341 4296 399 4350; x_wconf 83' lang='lat' dir='ltr'>Hae</span> <span class='ocrx_word' id='word_1_347' title='bbox 418 4294 594 4350; x_wconf 86' lang='lat' dir='ltr'>adnotatione</span> <span class='ocrx_word' id='word_1_348' title='bbox 613 4294 745 4364; x_wconf 87' lang='lat' dir='ltr'>corrigere</span> <span class='ocrx_word' id='word_1_349' title='bbox 773 4296 874 4366; x_wconf 86' lang='lat' dir='ltr'>possis,</span> <span class='ocrx_word' id='word_1_350' title='bbox 904 4299 977 4366; x_wconf 85' lang='lat' dir='ltr'>quod</span> <span class='ocrx_word' id='word_1_351' title='bbox 996 4299 1112 4367; x_wconf 88' lang='lat' dir='ltr'>Spengel</span> <span class='ocrx_word' id='word_1_352' title='bbox 1139 4301 1260 4355; x_wconf 79' lang='lat' dir='ltr'>affirmat</span> <span class='ocrx_word' id='word_1_353' title='bbox 1286 4300 1316 4355; x_wconf 93' lang='lat' dir='ltr'>in</span> <span class='ocrx_word' id='word_1_354' title='bbox 1332 4313 1368 4356; x_wconf 83' lang='lat' dir='ltr'>&#39;eo</span> <span class='ocrx_word' id='word_1_355' title='bbox 1387 4300 1467 4371; x_wconf 88' lang='lat' dir='ltr'>libro,</span> 
     </span>
     <span class='ocr_line' id='line_1_39' title="bbox 188 4374 1468 4460; baseline 0.009 -22"><span class='ocrx_word' id='word_1_356' title='bbox 188 4383 235 4455; x_wconf 81' lang='lat' dir='ltr'>qui</span> <span class='ocrx_word' id='word_1_357' title='bbox 255 4384 422 4439; x_wconf 88' lang='lat' dir='ltr'>inscribitur:</span> <span class='ocrx_word' id='word_1_358' title='bbox 447 4374 518 4440; x_wconf 81' lang='lat' dir='ltr'>llher</span> <span class='ocrx_word' id='word_1_359' title='bbox 543 4385 585 4438; x_wconf 92' lang='lat' dir='ltr'>die</span> <span class='ocrx_word' id='word_1_360' title='bbox 605 4384 736 4438; x_wconf 83' lang='lat' dir='ltr'>Rhetorik</span> <span class='ocrx_word' id='word_1_361' title='bbox 756 4386 803 4439; x_wconf 89' lang='lat' dir='ltr'>des</span> <span class='ocrx_word' id='word_1_362' title='bbox 823 4386 904 4439; x_wconf 84' lang='lat' dir='ltr'>Arist.</span> <span class='ocrx_word' id='word_1_363' title='bbox 926 4385 991 4440; x_wconf 86' lang='lat'>1851</span> <span class='ocrx_word' id='word_1_364' title='bbox 1019 4405 1045 4457; x_wconf 89' lang='lat' dir='ltr'>p.</span> <span class='ocrx_word' id='word_1_365' title='bbox 1065 4387 1111 4444; x_wconf 82' lang='lat'>53:</span> <span class='ocrx_word' id='word_1_366' title='bbox 1138 4388 1284 4459; x_wconf 87' lang='lat' dir='ltr'>„adipisci“</span> <span class='ocrx_word' id='word_1_367' title='bbox 1314 4391 1468 4460; x_wconf 83' lang='lat' dir='ltr'>gebraucht</span> 
     </span>
     <span class='ocr_line' id='line_1_40' title="bbox 188 4473 928 4547; baseline 0.003 -19"><span class='ocrx_word' id='word_1_368' title='bbox 188 4488 217 4529; x_wconf 88' lang='lat' dir='ltr'>er</span> <span class='ocrx_word' id='word_1_369' title='bbox 236 4489 315 4541; x_wconf 90' lang='lat' dir='ltr'>nur,</span> <span class='ocrx_word' id='word_1_370' title='bbox 334 4488 414 4527; x_wconf 81' lang='lat' dir='ltr'>wenn</span> <span class='ocrx_word' id='word_1_371' title='bbox 433 4473 469 4528; x_wconf 88' lang='lat' dir='ltr'>im</span> <span class='ocrx_word' id='word_1_372' title='bbox 490 4473 684 4529; x_wconf 84' lang='lat' dir='ltr'>Griecbisehen</span> <span class='ocrx_word' id='word_1_373' title='bbox 703 4475 829 4547; x_wconf 77' lang='grc' dir='ltr'><strong>τυγχάνειν</strong></span> <span class='ocrx_word' id='word_1_374' title='bbox 847 4475 928 4530; x_wconf 87' lang='lat' dir='ltr'>steht.</span> 
     </span>
    </p>
   </div>
   <div class='ocr_carea' id='block_1_6' title="bbox 0 0 1522 5076">
    <p class='ocr_par' dir='ltr' id='par_1_11' title="bbox 0 0 1522 5076">
     <span class='ocr_line' id='line_1_41' title="bbox 0 0 1522 5076; baseline 0 2"><span class='ocrx_word' id='word_1_375' title='bbox 0 0 1522 5076; x_wconf 95' lang='lat' dir='ltr'> </span> 
     </span>
    </p>
   </div>
  </div>
 </body>
</html>
