3036 5076
719 269 932 338 ..55-

185 456 206 548 ἢ
230 456 257 526 οἱ
279 463 422 546 κρίνοντες
444 458 531 549 ἢοὺς
553 457 630 528 οὑτοι
651 465 804 548 αρίνοοοιν.
830 467 973 546 Suspicor
989 488 1057 530 eum
1079 488 1131 547 pro
1148 467 1301 548 participio
1321 465 1466 548 κρίνοντες

86 652 89 659 ἱ
186 572 333 636 invenisse
355 570 523 654 κρείττονες,
548 595 623 653 quae
645 575 732 635 lectio
755 595 814 636 non
838 576 879 636 ita
902 576 1001 653 inepta
1024 582 1078 640 est.

295 685 379 743 1365
404 702 422 741 a
447 686 462 743 7
489 681 575 754 (206,
594 680 626 754 8)
650 681 764 742 maiora
790 714 827 723 -
853 679 941 761 μείζω
965 672 1112 748 doctior.

295 791 377 849 1365
403 808 420 848 a
445 791 485 850 10
509 787 668 861 (20610)
695 795 792 865 partes
818 821 855 833 —
882 786 918 847 τὰ
942 787 1017 869 μέρη
1040 786 1076 846 τὰ
1099 779 1184 850 αὑτά..

204 948 207 953 .
294 898 377 956 1365
392 914 409 953 a
427 898 465 958 11
485 895 571 968 (206,
591 893 644 967 11)
669 915 721 972 per
741 895 827 972 plura
843 894 922 955 enim
942 895 1055 956 excedit
1072 903 1123 955 aut
1138 895 1250 957 videtur
1269 927 1306 937 -
1324 891 1466 954 πλειόνων

185 997 242 1078 γὰρ
265 989 416 1081 ὑπερέχειν
439 997 579 1080 φαίνεται,
603 1002 654 1060 sed
670 1001 709 1060 Ar
729 1003 807 1078 apud
823 1001 931 1062 Victor.
955 1018 1000 1078 χρ.
1016 991 1152 1082 ὑπερέχει
1174 993 1194 1080 ἢ
1215 999 1354 1084 φαίνεται,
1378 1002 1464 1064 inter·

186 1127 270 1185 pres:
295 1101 343 1163 did.
365 1104 421 1184 γὰρ
445 1101 584 1164 πλειόνων
607 1097 743 1187 ὑπερέχει
765 1099 785 1187 ἢ
809 1106 947 1188 φαίνεται.

297 1217 380 1276 1365
406 1233 423 1272 a
449 1215 487 1275 12
514 1205 601 1290 (206,
621 1208 674 1292 12)
699 1215 860 1291 persuades
888 1247 922 1255 —
950 1217 1054 1273 πεῖσαι.

294 1323 378 1382 1365
403 1339 420 1378 a
446 1324 484 1381 18
511 1311 672 1397 (20617)
695 1322 745 1380 dat
768 1311 891 1400 (δίδωσι)
917 1350 954 1361 -
979 1315 1112 1378 δείκνυσι.

296 1431 379 1488 1365
404 1446 421 1487 a
446 1431 486 1488 22
519 1417 680 1504 (20621)
712 1432 740 1486 et
768 1433 818 1486 aut
846 1426 889 1485 sic
914 1458 953 1467 —
978 1423 1030 1483 καὶ
1056 1417 1081 1484 εἰ
1107 1417 1212 1496 οὑτως;
1242 1433 1315 1507 ηε)
1337 1444 1362 1485 ει
1385 1429 1464 1505 apud

43 1600 58 1611 .
186 1531 375 1610 interpretem
398 1552 487 1609 saepe
510 1533 737 1592 confunduntur.
767 1533 878 1593 Deinde
902 1553 961 1593 uon
991 1534 1068 1594 male
1091 1533 1120 1593 M
1140 1554 1186 1594 m:
1211 1532 1331 1595 habebit
1357 1554 1464 1594 unum·

135 1698 140 1705 ,
186 1641 325 1716 quodque
348 1631 497 1718 (ἕκαστον)
521 1640 763 1714 magnitudinem.

294 1750 377 1808 1365
403 1767 420 1805 a
444 1750 484 1808 23
511 1738 598 1824 (206,
617 1743 675 1821 21)
700 1753 728 1806 et
743 1748 890 1807 bonorum
906 1754 934 1808 ct
951 1747 1142 1824 pulchrorum
1161 1777 1196 1787 -
1215 1741 1267 1803 οιαὶ
1290 1739 1392 1803 καλῶν
1413 1741 1465 1803 καὶ

185 1844 319 1928 ἀγαθῶν,
1508 1924 1510 1929 Ι

294 1960 377 2020 1365
394 1979 412 2018 a
429 1963 470 2021 24
494 1952 582 2036 (206,
601 1952 657 2043 23)
680 1960 709 2020 Μ
725 1980 771 2020 m:
796 1959 950 2036 inscriptio
974 1959 1052 2018 facta
1071 1989 1107 2000 -
1126 1956 1158 2015 τὸ
1181 1949 1362 2038 ἐπίγραμμα.
1395 1958 1461 2036 Epi·

186 2083 319 2140 gramma
343 2064 460 2125 exhibet
483 2065 627 2142 interpres
652 2074 683 2125 ut
705 2085 799 2142 marg.
817 2066 864 2125 Ar.
894 2065 1000 2127 Confer
1024 2085 1115 2142 supra
1138 2085 1167 2142 p.
1182 2067 1233 2125 38.
1508 2128 1510 2133 ,

294 2175 377 2232 1365
403 2191 420 2230 a
444 2175 484 2233 35
510 2173 598 2247 (207,
618 2168 649 2251 5)
674 2173 703 2232 Μ
721 2193 749 2232 m
762 2173 799 2233 V:
824 2179 852 2233 et
877 2174 955 2249 quod
977 2171 1036 2249 ipsi
1059 2164 1101 2250 (Μ
1124 2165 1234 2250 ipsam)
1259 2176 1318 2230 est
1340 2169 1465 2230 maius

187 2276 360 2354 simpliciter
385 2310 422 2318 -—
449 2274 501 2335 καὶ
524 2284 563 2356 τῷ
587 2270 666 2367 αὑτιρ
689 2277 740 2336 οιαὶ
764 2272 874 2346 ἁπλῶς.
1508 2284 1510 2291 “

294 2388 378 2446 1365
402 2386 421 2444 b
445 2389 463 2446 3
489 2379 650 2464 (207,11)
676 2405 726 2445 om
749 2388 837 2446 verba
860 2383 892 2442 τὸ
917 2384 968 2464 μὲν
991 2382 1048 2463 γὰρ
1064 2428 1070 2442 .
1085 2433 1091 2445 .
1106 2427 1113 2442 .
1129 2376 1261 2442 ἑλέσθαι.
1507 2430 1510 2441 ,

294 2491 471 2552 1365012
490 2483 578 2567 (207,
598 2486 652 2570 19)
676 2492 847 2552 excedit-
865 2482 999 2571 ὑπάρχει.
1022 2490 1105 2566 Legit
1124 2480 1260 2570 ὑπερέχει
1275 2498 1308 2551 ut
1323 2510 1400 2554 corr.
1417 2489 1463 2550 At.
1508 2516 1510 2521 ·

295 2599 377 2658 1368
395 2597 414 2655 b
432 2600 473 2660 14
498 2588 586 2673 (207,
606 2591 660 2676 21)
686 2595 776 2673 quam
800 2617 875 2674 quae
897 2598 989 2657 latent
1006 2589 1083 2677 -ἢ
1107 2591 1270 2655 λανθάνειν.
1300 2597 1352 2658 llle
1375 2596 1463 2674 igitur
1508 2612 1510 2623 ·

187 2701 352 2762 rectissime
375 2693 395 2780 ἢ
419 2697 439 2759 ἃ
463 2696 604 2758 λανθάνει
628 2722 696 2762 eum
720 2703 753 2774 Q.
1087 2679 1088 2683 Ἰ
1508 2700 1510 2713 “

296 2811 379 2870 1365
403 2808 422 2867 b
448 2811 487 2870 15
514 2800 601 2886 (207,
621 2803 675 2887 21)
700 2811 821 2868 tendunt
845 2801 952 2886 (τείνει)
980 2809 1098 2869 exhibet
1121 2808 1241 2886 interpr.
1266 2815 1346 2868 recte
1371 2839 1411 2849 -
1435 2813 1467 2871 at
1506 2814 1510 2885 ’ξ

187 2913 225 2973 Αο
240 2914 313 2973 ΥΖ;
338 2930 396 2988 τινι,
422 2915 447 2986 Q
470 2927 540 2971 τινα.
1508 2956 1510 2961 .

296 3025 378 3084 1365
396 3023 415 3082 b
433 3025 472 3084 19
499 3014 586 3100 (207,
605 3014 660 3103 25)
685 3023 872 3099 singulariter
896 3023 1028 3082 ablatum
1051 3028 1097 3082 est
1115 3053 1153 3064 -
1179 3013 1339 3102 ἀφῄρηται.
1363 3021 1466 3086 Morel.
1508 3022 1510 3027 ’

188 3128 337 3187 contendit
360 3127 432 3187 illud
456 3129 715 3204 singulariter
739 3131 917 3207 respondere
941 3130 1052 3189 Graeco
1076 3128 1213 3189 adverbio
1238 3125 1344 3207 μόνοις,
1373 3127 1466 3188 libros
1508 3126 1510 3151 ³

189 3253 316 3294 excusos
341 3242 439 3294 autern
464 3243 614 3312 praestare
637 3235 733 3314 μόνον.
780 3236 900 3296 Rectius
925 3236 975 3313 Sp.
1001 3235 1170 3312 suspicatur
1193 3234 1384 3311 interpretem
1405 3224 1465 3311 ἰδία
1508 3296 1510 3303 ,

187 3339 344 3400 invenisse.
382 3339 446 3399 Nisi
470 3340 609 3401 inversu
632 3347 670 3403 23
696 3343 808 3402 Graeco
831 3344 974 3403 vocabulo
998 3335 1149 3421 ἀγαπητόν
1173 3343 1271 3400 solum
1294 3341 1467 3403 amabile

187 3446 386 3523 responderet,
404 3447 530 3507 dicerem
547 3448 736 3524 interpretem
752 3448 796 3520 (ut
811 3448 972 3510 Muretum:
991 3450 1069 3525 quod
1085 3468 1179 3508 unum
1194 3467 1229 3507 ac
1246 3448 1343 3507 solum
1360 3466 1465 3521 carum
1507 3452 1510 3511 ἶ

187 3548 327 3631 habebat)
351 3553 528 3613 adiectivum
551 3554 646 3613 verbis
671 3554 925 3629 singulariter
948 3556 1113 3615 amabile
1136 3555 1267 3615 vertisse.

755 3731 851 3808 Caput
875 3735 904 3794 8.

299 3874 383 3934 roos
400 3873 419 3931 u
437 3875 474 3935 31
494 3871 581 3944 (208,
602 3874 654 3945 11)
679 3872 748 3950 qur
765 3873 866 3950 usque
889 3873 944 3932 eru
968 3905 1007 3948 ,-
1032 3872 1071 3931 Ar
1094 3865 1119 3928 u
1142 3863 1215 3929 ἐστιν
1238 3863 1274 3929 ἂν
1296 3861 1332 3933 ει.
1366 3871 1467 3945 orn:

188 3969 223 4036 ἂν
246 3969 302 4057 εἴη.
349 3977 495 4055 lnterpres
519 3978 622 4054 igitur:
653 3996 678 4036 τι
701 3971 736 4036 ἂν
759 3972 813 4060 εἴη,
838 3987 870 4040 ut
894 3999 953 4042 sec.
979 3999 1085 4040 manus
1109 3979 1138 4039 in
1162 3979 1201 4038 Αθ
1224 3978 1352 4056 scripsit.
1403 3978 1472 4039 Non
1508 4018 1510 4025 ·

189 4090 327 4144 accurata
350 4083 438 4159 igitur
462 4090 540 4157 sunt,
566 4105 642 4162 quae
658 4085 786 4163 Spengel
801 4086 834 4159 ll,
854 4087 915 4148 132
941 4085 1020 4145 dicit.
1045 4077 1122 4163 (ME
1142 4085 1283 4162 praebent
1298 4103 1358 4143 non
1375 4083 1470 4161 quid,
1500 4102 1506 4111 ·

190 4191 407 4263 sedantem,
432 4184 581 4267 Mqua).

298 4301 381 4361 1365
399 4300 419 4358 b
435 4302 476 4361 33
502 4290 590 4377 (208,
610 4292 665 4377 14)
689 4297 719 4356 in
742 4297 964 4357 honorabilibus
989 4290 1092 4375 (scrib.
1116 4288 1409 4376 ironorabilitatibus)
1428 4323 1468 4336 --
1507 4288 1510 4367 J

189 4395 247 4463 ἀπὸ
272 4403 449 4484 τιμημάτων,
474 4405 618 4483 interpres
642 4394 689 4461 ἐπὶ
712 4403 820 4480 legisse
842 4404 964 4464 videtur.
