3036 5076
654 341 868 411 *44*

232 547 315 610 1878
341 566 359 607 a
383 548 422 610 32
448 538 535 624 (240,
562 544 615 618 25)
644 536 663 626 ἢ
687 548 742 603 τῶν
765 532 867 614 αὑτοῦ,
895 549 945 605 τοῦ
969 535 1117 627 ὀλιγωρεῖν
1140 542 1182 626 μή
1205 547 1349 628 προσήτιοι

126 652 330 731 -interpres
355 655 475 730 praebet
498 653 576 714 huno
600 653 699 713 locum
722 653 914 730 depravatum
937 660 969 712 ut
993 653 1099 726 QYZ:
1123 644 1143 735 ἢ
1168 643 1209 722 εἰς
1232 644 1322 712 αὑτοῦ
1345 671 1349 688 ι

123 758 165 841 μή
187 759 403 841 προσηκόντως.
449 771 451 774 ’

138 896 142 904 ’
233 870 316 931 1378
341 869 360 928 b
386 874 426 930 23
451 867 540 942 (241,
567 861 620 945 25)
651 865 783 946 πράττειν
810 863 861 925 καὶ
888 862 980 943 λέγειν
1005 900 1043 910 -
1070 862 1204 946 βλάπτειν
1227 865 1278 926 καὶ
1307 864 1349 926 λοι1

123 981 155 1035 ut
177 975 336 1036 deteriores
360 976 487 1036 codices.

231 1081 315 1144 1382
333 1103 350 1142 a
367 1085 385 1144 8
403 1076 489 1159 (249,
509 1075 563 1161 27)
586 1077 684 1138 καὶτὸ
706 1078 758 1160 μὲν
773 1075 868 1162 λάπης
888 1074 994 1162 ἔφεσις,
1019 1080 1051 1140 τὸ
1074 1062 1107 1138 δὲ
1122 1085 1219 1138 τιοοιοὺ
1235 1114 1272 1124 -
1292 1083 1349 1155 QY

121 1182 173 1243 aod
195 1177 215 1267 ή
239 1185 291 1266 μὲν
313 1193 363 1246 τοῦ
386 1183 538 1268 λομπήσοιι
560 1179 678 1268 ἐφίεται,
702 1178 721 1267 ἡ
745 1182 777 1243 δὲ
800 1192 849 1245 τοῦ
872 1193 1012 1246 ιιοοιῶσοιι
1034 1183 1156 1268 μᾶλλον.
1181 1221 1217 1230 -
1242 1190 1349 1267 lnterpr

123 1300 152 1352 ot
176 1294 214 1357 .h.
240 1296 358 1372 quidem
382 1294 557 1356 contristare
581 1295 700 1371 appetit,
726 1295 782 1354 hoc
807 1303 905 1355 autem
929 1315 1035 1356 nocere
1058 1296 1163 1371 magis.

232 1405 403 1465 1383b22
428 1394 514 1481 (254,
531 1395 562 1480 5)
585 1388 623 1460 112
640 1401 717 1460 rnale
733 1421 782 1459 orn
805 1393 825 1480 ἢ
849 1393 896 1458 ὑτε
920 1400 961 1482 μή
985 1397 1083 1458 δεῖ-
1102 1403 1190 1463 habet
1214 1403 1349 1475 cqul

232 1513 316 1572 1384
341 1530 358 1568 a
383 1513 424 1572 14
448 1510 539 1582 (254,
565 1506 620 1588 29)
657 1508 692 1566 Et
716 1508 861 1584 interpres
885 1515 914 1567 et
936 1508 1095 1568 deteriores
1125 1517 1244 1586 propter
1268 1510 1347 1568 simil

123 1617 232 1675 cadens
256 1618 358 1675 eadem
382 1636 487 1675 novern
509 1617 598 1674 verba
622 1615 769 1687 omittunt,
795 1635 870 1691 quae
893 1615 923 1674 in
946 1615 985 1674 Αῦ
1016 1623 1178 1676 servantur.

231 1727 313 1786 1385
339 1745 356 1782 a
382 1727 423 1786 14
447 1719 534 1802 (257,
561 1722 614 1794 16)
639 1724 717 1782 male
741 1713 902 1800 εὑρήσομεν
930 1755 964 1763 -
992 1714 1193 1803 εὐπορήσομεν
1217 1743 1285 1782 cum
1303 1724 1349 1795 Qt

230 1834 314 1892 1386
339 1851 356 1889 ο
381 1835 421 1892 32
447 1822 534 1907 (260,
562 1824 615 1908 17)
641 1831 718 1888 male
741 1819 879 1909 αἰσθήσει
904 1859 943 1870 ω-
968 1820 1072 1908 ἐσθήτι
1096 1849 1163 1888 curu
1188 1829 1213 1901 Q
1226 1831 1250 1888 Y
1262 1831 1294 1891 Z.

229 1940 312 1999 1388
339 1959 357 1997 a
381 1940 421 1999 16
447 1932 540 2017 (264,
567 1938 619 2009 17)
644 1937 739 1996 Verba
767 1933 819 1992 καὶ
842 1941 900 2002 τοῖς
928 1933 1221 2016 τάχὺ...ποχο’ντες
1247 1932 1349 2018 μθονο(

121 2043 214 2102 codex
238 2044 312 2106 Art
338 2046 471 2104 versibus
496 2043 644 2120 posterius
668 2064 806 2119 quamv.
833 2051 867 2103 tr.
894 2051 922 2102 et
945 2044 1103 2102 deteriores
1128 2043 1256 2103 exhibet.

229 2155 313 2214 1396
331 2173 348 2211 a
366 2126 390 2212 5x
403 2152 490 2224 (282,
510 2149 564 2221 24)
587 2147 640 2206 καὶ
662 2148 699 2206 τά
722 2147 812 2227 τοὺιιρ
833 2182 868 2190 -
888 2148 965 2207 κατὰ
989 2147 1090 2207 τοὺτοο
1114 2170 1183 2208 cunr
1207 2150 1266 2221 QY
1280 2151 1318 2222 Z;
1343 2170 1349 2206 ι

120 2255 241 2330 riganda
265 2265 310 2315 est
333 2248 389 2318 hoc
413 2259 478 2316 loco
503 2257 641 2333 Spengeli
665 2256 825 2317 adnotatio.

228 2366 310 2425 1397
337 2384 353 2422 a
379 2367 418 2424 28
444 2363 530 2435 (285,
557 2358 611 2443 21)
635 2354 761 2419 πείσαντι
786 2354 805 2443 ἢ
829 2363 987 2440 ποιήσοιντο
1015 2395 1051 2405 -
1077 2384 1104 2424 ν.
1121 2370 1157 2422 tr.
1183 2370 1212 2422 et
1239 2363 1349 2422 deterio

121 2470 261 2544 praebent
291 2471 391 2528 loouru
423 2489 511 2545 prave
543 2476 678 2529 auctum:
718 2469 868 2551 ποιήσαντι
899 2466 951 2526 οιαὶ
982 2460 1007 2526 εἰ
1037 2474 1077 2546 τῷ
1108 2469 1257 2550 ποιήσαντι
1287 2466 1339 2526 οιαὶ

120 2571 287 2634 πεπονθότι.

142 2665 145 2671 ’
230 2677 312 2748 1397
338 2687 357 2744 b
384 2688 422 2748 15
448 2685 534 2758 (286,
562 2685 615 2757 11)
640 2685 694 2744 A0:
719 2681 752 2741 τὸ
775 2678 801 2738 δ’
823 2675 865 2739 ὅτι
888 2679 954 2749 τοὺς
977 2678 1100 2763 πλησίον
1123 2678 1218 2738 τὺπτει
1240 2673 1274 2747 ὅς
1297 2699 1330 2755 γε

118 2789 167 2850 τὸν
182 2791 294 2870 πατέρα
312 2785 423 2871 [τάττει
440 2784 474 2849 ἐτι
489 2797 539 2849 τοῦ
551 2790 628 2848 ιιοιτά
643 2789 675 2848 τὸ
692 2783 776 2871 ήττον
793 2781 917 2868 ὑπάρχει
934 2787 986 2846 καὶ
1001 2787 1033 2847 τὸ
1046 2784 1159 2869 μᾶλλον
1175 2779 1309 2867 ὑπάρχει.
1326 2802 1349 2843 νο

104 2890 259 2976 ,ὁπότερον
289 2891 324 2956 tu
354 2894 406 2976 δέη
435 2893 550 2978 δεῖξαι]
580 2895 676 2955 ιὺπτει
699 2889 755 2954 ὅτι
769 2888 793 2953 εἰ
816 2895 848 2953 τὸ
876 2889 960 2975 ήττον
983 2886 1122 2975 ὑπάρχει,
1150 2892 1201 2951 καὶ
1228 2892 1260 2950 τὸ
1289 2888 1349 2972 μάλ

119 2994 259 3084 ὑπάρχει·
282 3002 348 3070 τοὺς
371 3004 427 3083 γάρ
451 3004 579 3082 πατέρας
602 2995 686 3084 ήττον
709 3000 859 3059 τὺπτοοσιν
881 2994 984 3081 ἢτοὺς
1006 2997 1137 3082 πλησίον.
1161 2993 1180 3080 ἢ
1205 2995 1242 3079 δή
1268 2991 1349 3063 οὑτως

119 3102 143 3168 εὶ
167 3103 190 3189 ᾧ
214 3106 329 3190 μᾶλλον
352 3102 486 3191 ὑπάρχει,
511 3110 553 3191 μή
577 3103 712 3190 ὑπάρχει,
735 3103 755 3191 ἢ
778 3104 801 3188 ᾧ
820 3103 903 3191 ήττον
926 3101 950 3166 ε”ι
973 3101 1108 3190 ὑπάρχει,
1133 3100 1256 3202 ὁπότε
1264 3123 1346 3202 ρον.

113 3231 223 3306 δεῖξαι,
248 3229 305 3293 εἴθ’
330 3228 372 3293 ὅτι
395 3227 521 3316 ὑπάρχει
544 3229 601 3292 εἴθ’
627 3229 669 3293 ὅτι
693 3227 735 3293 ott.
766 3230 806 3294 'a'u
829 3225 853 3292 ai
876 3235 949 3315 μήτε
973 3230 1087 3312 μᾶλλον
1110 3237 1184 3316 μήτε
1207 3228 1300 3316 ήττον·
1323 3227 1349 3290 ὅ(

119 3344 300 3404 Deteriores:
324 3341 357 3400 τὸ
380 3337 405 3398 δ’
423 3335 465 3400 ‘o'u
487 3340 554 3408 τοὺς
576 3338 699 3423 πλησίον
722 3339 817 3399 τὺπτει
840 3334 873 3408 ὅς
896 3358 928 3416 χε
951 3339 1003 3398 aod
1026 3340 1073 3398 τὸν
1089 3343 1211 3419 πατάροι,
1236 3334 1271 3398 ἐτι
1294 3345 1349 3408 τοὺ,

119 3447 152 3506 τὸ
180 3441 265 3530 ήττον
288 3440 430 3528 ὑπάρχει,
459 3447 511 3506 erut
538 3447 570 3505 τὸ
600 3443 714 3527 μᾶλλον
737 3439 876 3526 ὑπάρχει,
905 3443 980 3504 καθ’
1006 3440 1143 3525 ὁπότερον
1166 3441 1201 3507 ἂν
1225 3439 1279 3526 δέη
1306 3441 1349 3502 δεῖ1

119 3548 176 3612 εἴθ’
202 3547 244 3612 ὅτι
267 3546 393 3635 ὑπάρχει
416 3549 473 3611 εἴθ’
499 3547 542 3612 ὅτι
564 3547 607 3612 οὑ.
637 3549 677 3611 ἔτι
700 3546 724 3611 εἰ
748 3554 821 3634 μήτε
846 3548 959 3632 μᾶλλον
983 3554 1055 3634 μήτε
1078 3547 1174 3634 ἧττον·
1198 3547 1278 3612 ὅθεν.
1324 3554 1349 3612 ld

122 3663 274 3723 transtulit
297 3664 458 3738 interpreS,
489 3663 540 3721 sed
563 3664 651 3721 verba
675 3654 731 3717 εἴθ’
750 3652 791 3717 dtr
811 3651 998 3739 ὑπάρχει...
1015 3654 1097 3741 ήττον
1112 3662 1231 3749 omisit.
1279 3660 1349 3719 Exhi

122 3769 218 3829 enirn:
244 3769 301 3828 hoc
325 3776 423 3829 autent
448 3770 526 3845 quod
551 3769 703 3845 proximos
727 3769 868 3839 verberat,
895 3767 945 3842 qui
969 3774 996 3825 et
1016 3774 1130 3843 patrem
1146 3769 1289 3840 verberat,
1314 3786 1349 3826 ex

121 3878 207 3952 quod,
236 3877 260 3936 si
286 3877 364 3952 quod
388 3876 486 3934 miuus
511 3875 619 3948 existit,
645 3882 673 3933 et
697 3876 775 3951 quod
798 3873 894 3948 magis
919 3872 1033 3944 existit;
1059 3875 1222 3932 secuudum
1248 3881 1345 3932 utruur

122 3983 180 4055 (ιιιι
199 3983 428 4059 utrumcunque)
440 3982 540 4059 utique
551 3981 695 4058 oportebit
709 3983 873 4044 ostendere.
890 3980 982 4039 Unde.
1006 3979 1106 4038 chos
1118 3989 1238 4039 auctore
1249 3979 1348 4056 Speng

119 4088 225 4148 addidi.
251 4089 315 4148 Hoc
338 4109 398 4149 uuo
421 4091 487 4149 loco
512 4089 562 4148 illa
586 4089 694 4164 opinio,
720 4088 805 4164 quasi
829 4095 944 4146 vetusta
967 4086 1122 4145 translatio
1147 4106 1182 4145 ex
1207 4085 1246 4144 Αο
1269 4086 1349 4162 pendi

12 4181 14 4185 ’
120 4201 202 4255 tauta
218 4196 274 4255 fide
290 4197 442 4266 refutatur,
468 4204 500 4255 ut
515 4197 635 4254 vixdum
660 4194 862 4255 necessarium
884 4194 922 4252 sit
944 4178 1076 4268 pluribus
1093 4194 1121 4250 id
1139 4192 1276 4268 probare.
1300 4192 1349 4250 Par

9 4333 10 4336 ι
119 4302 208 4377 igitur
231 4302 305 4361 locis
329 4303 403 4362 haec
426 4301 586 4361 lectionum
610 4301 758 4360 variarum
785 4302 875 4360 series
900 4302 1079 4360 absolvatur.

176 4407 178 4413 '
230 4412 313 4471 1398
339 4409 357 4468 b
383 4411 421 4470 21
450 4402 546 4486 (888,
564 4404 619 4486 27)
644 4415 672 4467 et
697 4411 782 4470 1400
806 4408 824 4465 b
850 4412 868 4468 a
894 4400 982 4485 (292,
1010 4407 1063 4479 19)
1087 4406 1126 4467 rr
1146 4405 1280 4482 singulos
1304 4423 1349 4462 vn

119 4506 262 4599 ὑμοιοτελ.
287 4514 403 4589 omittit,
430 4534 505 4593 quos
529 4534 555 4573 v.
572 4520 608 4573 tr.
634 4533 702 4577 curn
727 4514 751 4586 Q
764 4515 788 4573 Y
802 4514 824 4572 Z
848 4513 962 4575 retinet.
