3036 5076
656 336 871 407 ιδ,(1.1

233 542 316 606 1357
342 564 360 603 a
384 545 424 606 10
448 537 535 623 (185,
554 537 608 622 26)
631 534 747 624 ἀνάγκη
771 537 803 601 δέ
828 575 866 586 -
892 564 1014 606 necesse
1038 552 1136 606 autern
1159 530 1406 621 habet't‘babet

122 648 283 709 delendum
306 669 373 709 esse
395 650 518 710 videtur.
541 649 652 709 Deinde
675 650 817 726 legimus:
841 652 915 712 haec
930 703 936 716 .
952 699 959 713 .
974 699 981 715 .
999 654 1073 712 bene
1096 654 1286 730 assequibilia
1309 654 1353 728 (ut
1364 645 1404 728 C)

124 785 167 796 -
185 751 218 811 τὸ
234 801 283 819 ,..
300 745 584 836 stercoratur-qno.
602 756 677 815 Curn
690 765 793 833 postea
805 759 955 834 legamus:
973 753 1052 815 τὰδὲ
1069 755 1110 840 μὴ
1127 754 1247 829 πιθανά,
1260 759 1405 821 incertum

122 869 172 922 est
196 882 233 922 an
257 863 401 940 interpres
426 864 508 923 solus
532 883 632 922 veram
655 852 811 924 lectionem
836 865 1004 928 servaverit.
1400 842 1404 851 Ι

111 977 120 985 ’
234 972 318 1032 1357
336 989 354 1028 a
371 973 410 1032 12
429 964 518 1049 (185,
537 963 591 1048 29)
617 976 771 1046 propterea
795 972 872 1047 quod
894 991 989 1048 neque
1010 991 1046 1031 ex
1068 973 1213 1033 confessis
1237 974 1296 1033 sint
1311 992 1407 1050 neque

123 1095 161 1135 ex
186 1073 384 1153 opinabilibus
410 1107 448 1118 -
473 1071 576 1133 διὰτὸ
600 1073 641 1156 μὴ
665 1069 695 1141 ἐξ
718 1067 960 1155 ὁμολογουμένων
991 1069 1060 1134 εἶναι
1088 1073 1157 1160 μηδ’
1188 1071 1317 1146 ἐνδόξων.
1364 1079 1407 1139 ln-

125 1181 221 1241 venit:
245 1180 313 1261 μήτ’
340 1209 379 1223 -
405 1181 483 1264 μήτ’.

233 1290 316 1351 1357
334 1309 352 1348 a
370 1293 408 1351 18
425 1295 454 1348 et
470 1291 509 1351 21
536 1282 624 1366 (186,
643 1293 662 1350 4
679 1296 707 1348 et
725 1283 756 1368 7)
780 1289 852 1350 nihil
872 1321 910 1332 -
928 1281 1008 1360 otta
1032 1281 1114 1349 οὐδέν
1137 1292 1264 1352 fortasse
1286 1292 1406 1354 rectius.

236 1397 318 1457 1357
338 1415 355 1455 a
372 1398 412 1458 22
430 1388 517 1474 (186,
537 1390 569 1475 8)
587 1395 807 1455 necessaria-
825 1401 881 1452 των
897 1388 1078 1471 &rapadion
1101 1396 1137 1455 τὰ
1156 1390 1304 1473 ἀναγκαῖα
1320 1399 1407 1474 igitur

125 1500 246 1574 invenit,
256 1520 331 1578 quae
341 1501 427 1561 lectio
440 1501 511 1560 mihi
524 1500 639 1576 gravior
651 1501 850 1582 essevidetur;
864 1502 950 1562 nobis
963 1503 1050 1563 etiarn
1063 1501 1092 1562 in
1104 1504 1148 1567 ed.
1157 1503 1258 1567 Venet.
1268 1507 1407 1570 occurrit.

238 1611 320 1670 1357
339 1628 356 1668 a
373 1611 414 1669 26
439 1602 528 1684 (185,
547 1601 601 1686 12)
626 1625 810 1684 consequens
834 1616 879 1670 est
899 1602 1025 1675 -ἔπος
1049 1605 1088 1687 (Q
1104 1629 1154 1670 oin
1168 1604 1261 1694 ἔπος).
1285 1612 1407 1688 Legitne

127 1705 292 1794 ἑπόμενονῖ

236 1823 319 1884 1357
345 1821 363 1880 b
389 1823 429 1883 10
455 1812 542 1898 (185,
569 1815 624 1900 31)
656 1821 752 1881 adhuc
775 1828 874 1882 autem
898 1854 937 1862 -
963 1815 1084 1881 ἔστιδὲ.
1116 1824 1228 1884 lnvenit
1251 1824 1339 1900 igitur
1362 1827 1409 1885 de·

125 1933 284 2004 provatum
305 1918 347 1983 ἔτι
369 1921 409 1982 δέ.

237 2036 321 2096 1357
346 2033 365 2092 b
391 2035 430 2095 13
455 2026 544 2109 (187,
571 2027 603 2114 2)
633 2033 806 2093 solvendum
829 2043 873 2094 est
897 2043 996 2113 autern
1019 2037 1097 2111 quod
1129 2036 1240 2096 dictum
1264 2044 1309 2095 est
1332 2042 1360 2095 et
1384 2035 1409 2095 si

78 2172 82 2233 3
125 2158 231 2199 verum
254 2140 292 2198 sit
314 2133 356 2218 (M
372 2159 403 2198 rn
427 2141 509 2216 prius
533 2147 594 2198 est
617 2134 679 2216 orn)
699 2171 736 2209 1—
761 2134 846 2197 λοπὸν
870 2135 910 2209 δέ,
934 2133 990 2198 κᾶν
1013 2135 1130 2222 ἀληθὲς
1150 2134 1172 2219 ν)
1194 2139 1226 2199 τὸ
1250 2132 1408 2223 εἰρημένον.

78 2238 80 2243 ’
237 2248 320 2310 1357
346 2246 365 2304 b
390 2250 430 2308 20
455 2241 543 2323 (187,
570 2240 603 2325 9)
627 2238 706 2304 enirn
732 2277 769 2287 —
796 2241 842 2316 δὲ;
867 2255 897 2306 at
921 2247 944 2307 C
968 2248 1084 2307 exhibet
1107 2247 1172 2326 γάρ.

78 2328 83 2447 )
238 2356 321 2414 1357
347 2353 366 2411 b
391 2355 429 2414 21
456 2344 617 2431 (187,11)
642 2358 670 2411 et
694 2352 764 2428 quid
787 2354 961 2413 teornerium
989 2384 1022 2395 -·
1048 2350 1101 2410 καὶ
1123 2353 1287 2435 τεκμήριον.

237 2461 321 2523 1357
346 2459 365 2517 b
390 2463 429 2521 23
456 2457 542 2534 (187,
564 2453 617 2537 12)
641 2479 743 2536 prave:
768 2460 958 2520 manifestum
984 2491 1022 2502 »-
1048 2467 1190 2542 φανερῶς.

237 2566 322 2627 1357
347 2565 365 2624 b
390 2568 430 2625 26
455 2558 542 2642 (187,
559 2559 612 2645 15)
637 2565 732 2642 qualis
756 2564 886 2625 inductio
906 2597 942 2607 —
961 2563 1025 2644 περὶ
1047 2569 1117 2623 ποῖα
1139 2557 1286 2648 ἐπαγωγή.
1310 2566 1409 2628 Lectio

128 2668 298 2748 interpretis
315 2664 398 2749 (ποία
413 2659 566 2750 ἐπαγωγή)
583 2672 661 2731 mala
677 2679 736 2743 est;
759 2678 789 2731 at
805 2673 921 2747 egregia
937 2693 979 2746 ea,
998 2693 1088 2750 quam
1104 2673 1249 2750 interpres
1269 2680 1411 2757 sequente

129 2777 196 2836 loco
221 2795 290 2836 cum
314 2775 414 2836 codice
437 2776 460 2835 E
484 2778 618 2853 praebet:
653 2781 690 2841 31
717 2770 787 2857 (19)
810 2778 967 2839 insidiatur
992 2811 1030 2820 -
1056 2769 1241 2856 ἐπεβοὸλεοε;
1268 2800 1339 2840 narn
1361 2780 1410 2840 hic

130 2889 250 2959 tempus
275 2902 415 2960 praesens
438 2883 640 2942 necessarium
656 2891 710 2956 est,
735 2891 767 2942 ut
781 2884 914 2945 videmus
936 2906 972 2946 ex
989 2886 1132 2963 proximis
1142 2887 1244 2948 'verbis
1260 2884 1410 2961 γίγνονται,

128 2979 217 3045 ἴσασι
239 2987 346 3048 Confer
359 2988 447 3048 etiam
460 2989 580 3061 Quintil.
591 2989 624 3062 V,
641 2993 678 3052 11
695 2997 723 3050 et
735 2997 847 3051 ceteros
859 2993 951 3065 locos
969 3012 1043 3069 quos
1057 2992 1185 3069 Spengel
1196 2993 1228 3067 ll,
1244 2998 1284 3056 69
1297 2994 1408 3059 laudat.

239 3098 322 3158 1358
349 3115 366 3154 a
391 3097 430 3156 13
455 3089 542 3175 (188,
569 3090 601 3174 8)
625 3115 675 3155 orn
697 3092 764 3174 περὶ
787 3105 855 3157 ante
876 3092 1031 3156 πολιτικῶν
1054 3105 1087 3157 ut
1108 3096 1174 3171 Y.*)

194 3273 199 3280 ⁵
240 3203 323 3264 1358
341 3221 359 3261 a
376 3205 414 3263 17
441 3193 527 3280 (188,
547 3196 600 3277 13)
625 3207 675 3261 aut
698 3222 790 3278 genus
807 3235 843 3244 -
858 3200 911 3261 καὶ
933 3203 1024 3279 γένος.
1060 3206 1240 3265 Monendum
1263 3213 1308 3266 est
1330 3204 1409 3266 iusto

132 3306 228 3383 magis
251 3315 286 3367 et
311 3315 339 3366 et
362 3316 423 3367 aut
446 3307 476 3366 in
499 3308 546 3367 his
569 3308 654 3368 libris
681 3309 831 3370 confundi.

240 3416 323 3475 1358
349 3434 366 3473 a
390 3418 428 3475 21
456 3407 543 3492 (188,
563 3409 617 3493 17)
640 3414 663 3473 Ε
686 3416 715 3474 Μ
738 3436 784 3476 m:
810 3416 920 3475 faciunt
945 3447 984 3458 -
1009 3416 1129 3499 ποιήσει.

240 3521 324 3581 1358
342 3539 359 3578 a
377 3525 416 3581 23
436 3513 523 3599 (188,
539 3516 592 3601 19)
611 3521 716 3590 melius
738 3552 771 3562 -
791 3516 894 3598 βελτίω
910 3521 963 3580 YZ
980 3522 1018 3580 Ar
1033 3523 1157 3597 rectius;
1173 3517 1283 3602 βέλτιον
1300 3526 1364 3585 cod.
1374 3523 1407 3589 E.

241 3629 324 3687 1358
358 3646 375 3686 a
406 3631 446 3689 32
478 3626 569 3701 (188,
595 3621 650 3705 28)
685 3627 815 3704 primurn
845 3627 963 3704 quidern
993 3627 1081 3704 igitur
1111 3662 1153 3672 -
1181 3630 1320 3708 πρότερον
1350 3622 1408 3689 οὖν.

134 3728 314 3791 Scholiastes
338 3731 388 3795 Gr.
413 3733 483 3808 legit
505 3738 618 3812 πρῶτον
641 3731 693 3811 μὲν
716 3724 778 3803 odiu
802 3740 877 3794 teste
900 3733 1021 3795 Buhleo.

695 3838 791 3916 Caput
815 3843 844 3902 3.

241 3947 324 4008 1358
350 3966 367 4006 a
391 3949 431 4008 36
457 3937 595 4026 (189,1)
620 3944 719 4022 itaque
742 3937 806 4025 (δή)
831 3976 870 3986 -
896 3938 938 4006 δέ.

240 4055 323 4115 1358
348 4053 367 4111 b
391 4055 409 4113 6
435 4046 522 4131 (189,
550 4046 581 4130 7)
611 4053 689 4112 velut
713 4058 862 4128 spectator
888 4083 925 4095 ·-
951 4043 967 4110 ὁ
990 4049 1119 4132 θεωρός
1147 4055 1216 4131 legit
1239 4054 1326 4132 igitur
1349 4045 1409 4114 οἷον

129 4147 146 4218 ὁ
169 4164 204 4219 ut
225 4167 323 4222 antea.
352 4159 463 4220 Deinde
485 4160 630 4238 interpres
646 4159 735 4218 verba
758 4158 815 4218 alio
839 4160 941 4220 ordine
964 4167 1053 4238 atque
1068 4161 1171 4222 Graeci
1195 4162 1327 4222 exhibet:
1353 4163 1409 4223 tria

129 4266 233 4344 utique
256 4274 340 4326 erunt
364 4284 485 4342 genera:
515 4258 550 4350 ἂν
573 4258 618 4347 εἴη
641 4261 705 4344 τρία
728 4264 805 4346 γένη.

128 4368 345 4378 ———..

240 4402 264 4471 *)
277 4401 440 4472 Corrigenda
454 4409 494 4458 est
506 4402 631 4473 Spengeli
643 4403 748 4458 adnot:
768 4404 813 4473 qui
833 4402 1003 4473 communes]
1023 4399 1047 4458 οῗ
1065 4403 1141 4458 κοινοὶ
1152 4422 1214 4459 curn
1227 4404 1273 4470 λῇ
1298 4420 1362 4459 nam
1376 4405 1408 4458 Α*

127 4493 243 4550 exhibet
256 4488 280 4544 ot
291 4490 375 4546 νοινοὶ.
394 4493 445 4548 Sed
459 4494 615 4564 saepissime
627 4493 756 4548 articulus
769 4493 931 4565 pronomine
943 4493 1020 4550 relat.
1033 4495 1067 4549 ab
1080 4495 1228 4565 interprete
1240 4493 1408 4563 exprimitur.

1162 4583 1196 4639 4*
