2992 5084
656 308 873 376 „30ss

125 513 140 573 1
148 510 309 573 ourdain
339 511 369 572 in
400 510 561 589 praestanti
592 531 647 571 sua
676 510 882 570 dissertatione
909 509 978 569 facit
1002 503 1223 588 mentionem.*)
1270 508 1387 588 Namque

127 620 201 697 ipsis
225 619 328 696 paucis
351 617 495 689 versibuS,
521 636 596 693 quos
619 616 759 676 Jourdain
783 636 819 676 ex
843 616 944 675 codice
966 616 1161 675 bibliothecae
1185 615 1386 676 Sorbonnensis

127 731 211 790 1773
221 722 268 804 **)
282 723 448 800 exscripsit,
459 722 596 799 Spengeli
614 730 711 782 textus
723 723 816 782 tribus
829 722 903 781 locis
916 722 1022 797 corrigi
1035 728 1140 799 potest.
1158 721 1296 798 Legimus
1308 723 1382 783 enim:

234 835 319 896 1354
336 852 353 890 a
370 833 408 895 11
427 823 584 909 (178,11)
608 822 666 909 ἤδη
689 827 794 894 πάντες
808 859 845 869 -
859 848 979 901 omnes;
1004 836 1033 888 at
1049 828 1079 888 in
1095 828 1247 891 Parisino:
1272 846 1382 888 omnes

128 939 276 1016 ...iam
300 941 346 1014 (111
368 936 399 995 in
422 935 445 994 E
469 929 522 1015 m).

234 1046 318 1105 1354
342 1063 360 1101 a
384 1045 424 1104 23
453 1033 540 1119 (179,
565 1035 599 1118 3)
628 1037 769 1117 καθάπερ
792 1029 844 1097 καί
869 1070 905 1081 —-
934 1040 976 1100 sic
1006 1040 1109 1114 etiam;
1141 1048 1170 1100 at
1198 1041 1229 1100 in
1251 1039 1380 1104 Parisino:

127 1141 538 1226 mmmfflmMm

233 1258 319 1319 1354
342 1274 360 1313 a
384 1257 425 1316 26
449 1246 535 1331 (179,
555 1246 588 1330 6)
612 1246 765 1331 μέλλει-
786 1261 917 1330 oportet:
943 1260 972 1313 at
995 1253 1024 1312 in
1044 1252 1197 1316 Parisino:
1223 1253 1333 1328 debet,
1349 1252 1383 1313 id·

127 1383 184 1440 que
206 1369 301 1434 recte;
325 1380 395 1420 nam
418 1360 563 1436 interpres
580 1361 701 1418 verbum
724 1360 861 1421 debere
883 1330 1128 1438 usurpare‘sotet,
1154 1380 1223 1420 cum
1246 1360 1276 1420 in
1291 1360 1382 1421 Graeco

127 1469 263 1545 exemplo
286 1466 396 1526 invenit
419 1459 543 1544 μέλλειν,
568 1473 747 1542 oportere
770 1468 929 1543 respondet
951 1467 1039 1526 verbo
1064 1461 1130 1529 δεῖν,
1179 1461 1227 1544 (ln
1251 1466 1341 1526 codice
1357 1483 1383 1524 m

125 1574 290 1634 invenimus
314 1593 374 1633 non
398 1592 469 1650 qua
489 1579 658 1649 oportet,
684 1572 735 1632 sed
756 1573 847 1650 quia
870 1580 1036 1651 oportet,
1063 1574 1169 1650 quibus
1185 1573 1281 1633 verbis
1303 1590 1384 1649 super·

129 1681 273 1758 scriptum
297 1687 355 1743 est:
380 1680 437 1738 vel
463 1697 545 1738 cum
568 1679 672 1751 vult.)

234 1787 297 1846 Hos
321 1785 438 1845 codices
460 1785 601 1862 quoniam
625 1785 753 1863 Spengel
779 1805 839 1872 non
862 1786 994 1859 contulit,
1023 1805 1123 1846 meum
1146 1785 1249 1863 utique
1273 1785 1390 1846 officium

125 1901 188 1955 erat
216 1913 267 1953 eos
298 1893 461 1953 consulere.
507 1891 551 1951 Ac
581 1892 712 1968 prolecto
741 1892 865 1953 libenter
892 1893 920 1952 id
952 1892 1183 1970 praestitissem,
1217 1892 1242 1952 si
1273 1886 1390 1952 101111ιὲ

126 2001 155 2060 id
172 1999 365 2078 permisisset.
400 1997 538 2058 Ceterum
554 1999 669 2058 conlido
692 2017 739 2057 me
755 1999 843 2059 etiam
859 1999 915 2058 hoc
932 1999 1100 2059 adiumento
1123 2000 1269 2077 privatum
1284 2014 1390 2077 munera

126 2127 192 2168 meo
217 2109 308 2184 probe
331 2125 421 2182 posse
443 2103 534 2180 fungi.
574 2105 640 2164 Alio
657 2124 772 2182 quoque
796 2105 883 2187 modo
907 2105 1132 2166 translationem
1147 2106 1283 2166 Latinam
1305 2098 1390 2189 sanari‘}

127 2233 217 2290 posse
240 2233 276 2274 ex
300 2211 376 2272 Galli
399 2211 479 2271 illius
503 2211 599 2270 verbis
624 2210 770 2284 conicias,
794 2212 864 2289 dicit
887 2212 966 2270 enim
988 2211 1128 2272 lourdain
1158 2207 1239 2289 (pag.
1265 2206 1337 2290 401)
1357 2208 1390 2269 int

127 2319 356 2392 commentariis,
368 2319 475 2395 quibus
487 2317 571 2377 divus
580 2317 711 2377 Thomas
724 2318 892 2378 Aristotelis
905 2319 1025 2396 politica
1033 2319 1232 2397 explicaverit,
1246 2317 1390 2378 nonnulla

127 2425 343 2486 rhetoricorum
366 2426 449 2484 locos
465 2423 588 2484 inveniri
612 2443 648 2484 ex
671 2431 774 2484 nostra
789 2425 922 2485 versione
939 2433 1084 2503 sumptos.
1125 2427 1183 2486 Sed
1200 2426 1273 2485 mihi
1287 2402 1390 2503 quidem¹

127 2533 195 2592 illos
218 2531 297 2592 iusto
321 2530 479 2609 ampliores
496 2530 724 2590 commentarios
749 2532 930 2608 percurrenti
953 2532 983 2590 hi
999 2540 1115 2592 tanturn
1131 2533 1189 2592 loci
1205 2535 1384 2603 occurrerunt,

129 2639 188 2716 qui,
215 2641 282 2698 cur'n
307 2659 325 2698 a
349 2637 465 2696 Thoma
495 2656 554 2696 non
579 2636 760 2698 adverbum
784 2637 924 2715 descripti
955 2638 1030 2713 sint,
1055 2639 1103 2699 vix
1127 2638 1390 2699 commemoratione.

129 2753 198 2805 sunt
221 2744 310 2820 digni.
350 2744 430 2804 Libri
446 2743 533 2821 primi
549 2743 607 2802 loci
630 2744 789 2804 laudantur
812 2744 843 2803 in
866 2745 991 2805 lectione
1006 2746 1054 2805 Vll
1082 2766 1149 2824 pag.
1169 2751 1232 2809 645
1258 2738 1390 2825 (editionis¹

127 2850 298 2912 Parmensis
324 2847 437 2922 186711
469 2851 607 2928 voluntas
635 2850 707 2909 nihil
735 2851 805 2924 vult,
835 2852 913 2927 quod
944 2872 1003 2911 non
1034 2853 1071 2912 sit
1100 2853 1282 2913 intellectum
1305 2832 1390 2930 priusss]

128 2959 158 3018 in
181 2958 307 3018 lectione
322 2957 371 3016 Vll
387 2975 453 3034 pag.
473 2959 552 3019 671:
578 2957 709 3033 optimus
733 2976 806 3016 usus
830 2957 1006 3032 divitiarum,
1032 2959 1081 3036 qui
1097 2968 1142 3019 est
1158 2959 1189 3018 in
1205 2936 1390 3031 consumendo]

128 3083 189 3124 ear.
228 3063 307 3123 Libri
331 3061 456 3132 secundi
476 3062 533 3121 loci
557 3063 718 3122 afferuntur
740 3063 769 3122 in
794 3063 919 3123 lectione
942 3064 978 3123 Vl
1006 3084 1072 3141 pag.
1091 3068 1172 3128 616:
1197 3053 1329 3126 homines
1346 3040 1390 3123 11·ἑ

128 3170 261 3230 turaliter
276 3170 419 3229 honorem
435 3175 594 3246 appetunt;
618 3168 648 3228 in
671 3169 796 3229 lectione
811 3169 859 3227 Vll
888 3190 953 3246 pag.
973 3173 1049 3234 641:
1075 3170 1235 3232 honestum
1250 3179 1303 3246 est,
1325 3156 1390 3247 quoti]

130 3276 293 3337 secundum
317 3294 349 3336 se
373 3274 541 3352 quaeritur,
562 3274 593 3334 in
615 3274 740 3334 lectione
761 3275 824 3334 Vlll
852 3263 917 3353 pag.
937 3279 1016 3339 704:
1042 3278 1229 3353 operationes
1246 3279 1390 3347 enimcum

130 3392 231 3443 suetae
254 3389 283 3442 et
306 3401 382 3458 quae
405 3388 474 3441 sunt
498 3380 661 3440 secundum
684 3381 827 3454 habitum,
852 3383 947 3458 magis
971 3391 1041 3443 sunt
1063 3385 1263 3446 delectabiles.
1369 3374 1390 3393 '⁵

234 3487 332 3566 Atque
347 3488 403 3547 hac
425 3487 620 3547 translatione
643 3488 739 3547 denuo
763 3488 840 3547 edita
863 3488 992 3564 primum
1015 3497 1060 3550 est
1081 3510 1231 3567 quaerere,
1256 3487 1390 3559 utrumid

129 3596 288 3655 alterautra
311 3595 436 3654 duarum
459 3593 647 3668 familiarum,
673 3594 779 3670 quibus
801 3614 850 3654 ars
873 3595 1020 3655 rhetorica
1042 3597 1078 3656 ad
1094 3616 1150 3656 nos
1176 3592 1390 3676 propagatam,

128 3699 311 3762 numeranda
335 3700 373 3760 sit
389 3719 491 3764 necne.
529 3700 662 3776 Apparet
682 3699 769 3773 enim,
795 3700 820 3759 si
843 3700 900 3760 hoc
923 3719 981 3761 non
1005 3701 1081 3775 licet,
1106 3721 1230 3766 necesse
1253 3727 1319 3767 esse
1339 3720 1390 3765 euru

129 3809 166 3870 ad
188 3809 277 3868 verba
307 3805 476 3884 philosophi
505 3805 686 3865 restituenda
713 3805 822 3884 pariter
852 3806 983 3867 adhiberi
1014 3815 1102 3885 atque
1124 3811 1243 3872 codices
1268 3813 1390 3875 Graecos

128 3915 333 3975 Adhibnerunt
361 3912 473 3973 scilicet
495 3932 559 3972 eam
584 3931 697 3986 omneS,
728 3912 778 3990 qui
801 3913 967 3973 Aristotelis
997 3915 1144 3976 rhetorica
1173 3919 1335 3994 ediderunt,
1363 3917 1390 3978 ia

129 4021 256 4100 quidem,
281 4026 313 4079 ut
335 4020 424 4079 modo
447 4018 524 4077 hanc
547 4017 635 4077 modo
659 4017 741 4078 illam
758 4019 912 4079 lectionem
930 4022 1089 4098 probarent
1101 4023 1197 4084 verbis
1221 4022 1390 4104 interpretisr

130 4129 180 4189 sed
204 4127 240 4187 de
263 4127 384 4200 ratione,
409 4145 485 4204 quae
507 4124 582 4185 inter
605 4125 830 4186 translationem
853 4132 882 4186 et
905 4127 1034 4188 Graecos
1063 4129 1181 4190 codices
1206 4131 1390 4203 intercederet¹

237 4283 263 4351 1)
280 4281 425 4336 Jourdain:
444 4280 616 4336 Becherches
630 4280 758 4350 critiques
777 4297 824 4334 sur
841 4279 910 4349 l'age
928 4287 954 4335 et
973 4298 1020 4336 sur
1032 4281 1155 4352 l'origine
1174 4285 1223 4340 des
1241 4286 1390 4343 traductiott

128 4372 225 4428 latines
245 4369 457 4435 d'Aristote311.
477 4369 579 4424 edition
600 4369 676 4435 1843,
697 4385 723 4438 p.
742 4369 785 4434 70,
806 4369 865 4434 182,
883 4369 945 4439 443.

218 4457 262 4533 **)
282 4457 310 4514 11
330 4464 442 4530 apparet
461 4475 494 4516 ex
512 4459 583 4515 illius
601 4459 798 4516 dissertationis
817 4460 907 4532 priore
926 4461 1045 4517 editione
1063 4477 1088 4520 a.
1109 4461 1188 4534 1819,
1207 4482 1236 4537 p.
1255 4467 1319 4525 493.
