3036 5076
720 329 937 396 ..37)-

189 535 204 595 J
211 531 373 594 ourdain
403 533 433 593 in
464 531 624 610 praestanti
656 552 710 591 sua
740 531 946 591 dissertatione
972 529 1042 589 facit
1065 523 1287 608 mentionem.*)
1333 528 1470 607 Namque

191 642 264 718 ipsis
289 641 392 717 paucis
415 638 558 710 versibus,
585 657 660 714 quos
683 637 823 696 Jourdain
847 657 882 696 ex
907 636 1008 695 codice
1030 636 1225 695 bibliothecae
1249 634 1470 695 Sorbonnensis

191 752 275 811 1773
284 744 332 825 **)
345 745 512 822 exscripsit,
523 744 660 820 Spengeli
678 751 775 803 textus
788 742 880 802 tribus
893 743 966 802 locis
980 743 1086 818 corrigi
1099 749 1204 819 potest.
1222 741 1360 817 Legimus
1372 742 1467 801 enim:

298 857 383 916 1854
400 873 417 911 a
434 854 472 914 11
491 845 648 928 (17811)
672 843 730 930 ἤδη
753 848 858 915 πάντες
872 880 909 889 -
923 869 1043 922 omnes;
1068 856 1097 908 at
1113 849 1143 908 in
1159 848 1310 911 Parisino:
1335 866 1470 908 omnes

192 960 340 1037 ...iam
364 962 410 1035 (ut
432 957 462 1017 in
486 956 509 1015 Ε
532 950 586 1036 m).

297 1068 382 1126 1354
406 1084 424 1122 a
448 1066 488 1124 23
517 1056 604 1141 (179,
630 1056 663 1140 8)
692 1058 833 1139 καθάπερ
856 1051 908 1118 καί
933 1092 969 1101 -
998 1061 1040 1119 sio
1070 1060 1172 1135 etiam;
1205 1069 1234 1120 at
1262 1061 1292 1119 in
1315 1060 1470 1121 Parisino:

192 1161 602 1247 mmmfflmMm

297 1279 382 1338 1354
407 1295 424 1333 a
448 1278 489 1336 26
513 1268 599 1353 (179,
619 1268 652 1352 6)
676 1267 776 1351 μέλλει
794 1305 829 1314 -
851 1281 981 1350 oportet:
1006 1281 1036 1332 at
1060 1273 1261 1357 inIParisino:
1287 1274 1400 1347 debet,
1420 1272 1477 1333 in-

192 1404 248 1461 que
271 1390 365 1455 recte;
389 1401 460 1441 nam
482 1380 628 1456 interpres
644 1381 766 1438 verbum
789 1380 925 1439 debere
948 1364 1100 1457 usurpare'
1109 1383 1192 1454 solet,
1218 1400 1286 1440 cum
1309 1380 1340 1439 in
1355 1380 1477 1440 Graeco

192 1490 327 1566 exemplo
351 1486 461 1547 invenit
483 1480 608 1564 μέλλειν,
632 1493 812 1562 oportere
834 1487 993 1563 respondet
1015 1487 1103 1545 verbo
1128 1480 1194 1549 δεῖν,
1243 1481 1291 1564 (In
1315 1485 1479 1546 codicem

190 1595 355 1655 invenimus
378 1613 438 1653 non
462 1613 533 1671 qua
554 1599 723 1669 oportet,
749 1593 800 1652 sed
820 1593 911 1670 quia
934 1600 1100 1670 oportet,
1127 1593 1233 1670 quibus
1249 1592 1345 1653 verbis
1369 1608 1483 1669 super·-

194 1702 420 1779 scriptumest:
444 1701 501 1758 vel
527 1718 609 1758 cum
632 1699 737 1771 vult.)

298 1807 362 1866 Hcs
386 1806 502 1866 codices
526 1805 666 1882 quoniam
689 1805 816 1882 Spengel
844 1826 903 1891 non
927 1806 1059 1878 contulit,
1087 1825 1187 1864 meum
1210 1805 1313 1882 utique
1337 1804 1493 1865 officiurn

190 1922 252 1976 erat
281 1933 332 1973 eos
362 1914 525 1973 consulere.
571 1912 615 1971 Ac
645 1913 776 1988 profecto
806 1912 929 1972 libenter
956 1913 985 1971 id
1016 1912 1248 1988 praestitissem,
1281 1911 1307 1971 si
1337 1912 1495 1971 Fortuna

190 2022 220 2081 id
236 2020 429 2099 permisisset.
465 2018 602 2078 Ceterum
618 2019 733 2077 confido
756 2037 804 2077 me
820 2019 908 2078 etiam
924 2019 980 2077 hoo
996 2018 1164 2078 adiumento
1187 2019 1334 2095 privatum
1349 2027 1500 2079 munere

191 2148 257 2188 meo
282 2129 373 2205 probe
395 2145 485 2203 posse
508 2124 598 2200 fungi.
638 2125 704 2183 Alio
721 2144 837 2202 quoquc
860 2126 947 2184 modu
972 2125 1196 2185 translationem
1211 2125 1349 2185 Latinam
1371 2112 1502 2185 sanari

190 2254 281 2312 posse
305 2254 340 2293 cx
365 2232 441 2293 Galli
464 2231 544 2291 illius
568 2231 664 2290 verbis
688 2231 835 2303 conicias;
859 2231 929 2290 dicit
952 2232 1030 2290 enim
1053 2231 1192 2291 Jourdain
1222 2225 1303 2308 (pag.
1330 2226 1408 2311 401)
1435 2230 1504 2291 in

192 2339 421 2412 commentariis,
433 2339 540 2415 quibus
552 2337 636 2397 divus
645 2337 776 2396 Thomas
789 2337 957 2397 Aristotelis
970 2338 1089 2414 politica
1097 2338 1296 2415 explicaverit,
1310 2338 1450 2398 nonnullo
1460 2344 1502 2393 S

191 2445 407 2506 rhetoricorum
431 2446 513 2504 locos
530 2443 653 2503 inveniri
677 2463 712 2503 ex
736 2450 838 2503 nostra
853 2444 987 2503 versione
1004 2451 1149 2522 sumptos.
1190 2445 1247 2505 Sed
1264 2444 1337 2504 mihi
1352 2445 1504 2523 quiden]

191 2553 259 2613 illos
283 2552 362 2612 iusto
386 2550 544 2628 ampliores
561 2550 789 2610 commentarius
814 2551 995 2627 percurrenti
1017 2551 1048 2609 hi
1064 2559 1180 2611 tantum
1196 2551 1253 2610 loci
1269 2556 1502 2617 occurrerunt,

194 2659 253 2737 qui,
280 2662 347 2718 cuin
372 2679 390 2717 a
414 2657 529 2716 Thoma
560 2675 620 2715 non
644 2657 825 2717 adverbum
849 2656 989 2733 descripti
1020 2656 1095 2731 sint,
1119 2658 1167 2718 vix
1192 2659 1504 2719 commemoratione

194 2773 262 2826 sunt
285 2764 375 2840 digni.
415 2763 495 2823 Libri
511 2763 598 2841 primi
614 2762 672 2822 loci
695 2763 854 2822 laudantur
877 2763 908 2822 in
931 2763 1056 2823 lectione
1071 2764 1119 2824 Vll
1147 2784 1213 2842 pag.
1233 2769 1295 2828 645
1321 2757 1495 2843 (editionis

192 2870 363 2932 Parmensis
388 2866 502 2942 1867);
534 2871 672 2928 voluntas
700 2869 772 2928 nihil
800 2870 870 2943 vult,
900 2871 978 2946 quod
1009 2891 1069 2930 non
1099 2871 1137 2932 sit
1165 2872 1347 2932 intellectum
1372 2871 1453 2949 prius
1479 2885 1492 2936 ς

193 2979 223 3038 in
247 2978 372 3038 lectione
387 2976 436 3036 Vll
452 2995 518 3053 pag.
538 2979 617 3038 671:
643 2975 774 3053 optimus
798 2995 871 3035 usus
895 2976 1071 3051 divitiarum,
1097 2978 1146 3055 qui
1162 2986 1207 3037 est
1222 2977 1253 3037 in
1269 2978 1481 3038 consumendo

193 3103 255 3144 eas.
293 3083 371 3142 Libri
396 3081 522 3152 secundi¹
541 3081 598 3140 loci
622 3082 782 3141 afferuntur
805 3082 834 3141 in
858 3082 984 3141 lectione
1007 3083 1043 3141 Vl
1071 3103 1136 3159 pag.
1156 3087 1237 3147 616:
1261 3085 1400 3145 homines
1423 3105 1478 3145 na·

193 3190 326 3250 turaliter
341 3190 484 3249 honorem
500 3195 659 3264 appetunt;
683 3187 713 3246 in
736 3187 860 3247 lectione
876 3188 925 3246 Vll
954 3208 1018 3264 pag.
1038 3193 1114 3252 641:
1140 3189 1299 3250 honestum
1314 3199 1369 3265 est,
1395 3188 1471 3269 quod

195 3297 359 3356 secundum
383 3315 415 3355 se
438 3293 603 3371 quaeritur;
627 3293 657 3353 in
680 3293 805 3353 lectione
827 3294 890 3352 Vlll
918 3313 982 3371 pag.
1002 3297 1081 3357 704:
1107 3296 1293 3372 operationes
1310 3298 1392 3357 enim
1408 3317 1470 3359 con·
1491 3296 1508 3405 i

195 3410 296 3462 suetae
319 3409 348 3461 et
372 3421 447 3478 quae
471 3407 539 3459 sunt
563 3400 727 3459 secundum
750 3400 893 3472 habitum,
918 3401 1012 3476 magis
1037 3409 1106 3461 sunt
1128 3403 1326 3464 delectabiles

299 3508 397 3585 Atque
412 3508 468 3566 hac
491 3506 686 3566 translatione
708 3506 805 3565 denuo
829 3507 906 3566 edita
929 3507 1057 3583 primum
1081 3515 1125 3567 est
1146 3528 1295 3584 quaerere,
1321 3518 1423 3571 utrum
1444 3511 1469 3571 iu

194 3616 353 3675 alterautra
376 3614 502 3674 duarum
524 3612 713 3686 familiarum,
738 3613 845 3689 quibus
867 3632 916 3673 ars
940 3613 1085 3673 rhetorica
1107 3616 1143 3673 ad
1160 3634 1215 3674 nos
1240 3623 1405 3693 propagata
1420 3624 1469 3692 est,

193 3721 377 3781 numeranda
400 3720 439 3779 sit
454 3738 556 3782 necne.
595 3718 727 3795 Apparet
747 3718 835 3792 enim,
861 3719 886 3777 si
909 3718 965 3778 hoc
988 3738 1047 3778 non
1071 3719 1147 3793 licet,
1172 3739 1295 3784 necesse
1317 3743 1386 3785 esse
1409 3744 1472 3786 eam

194 3830 231 3890 ad
254 3829 343 3887 verba
373 3824 543 3904 philosophi
570 3824 751 3884 restituenda
779 3824 888 3902 pariter
918 3824 1049 3884 adhiberi
1079 3833 1167 3903 atque
1191 3829 1307 3889 codices
1332 3830 1471 3896 Graecos.

194 3935 399 3995 Adhibuerunt
427 3931 538 3993 scilicet
560 3951 625 3991 eam
650 3950 762 4004 omnes,
794 3931 843 4009 qui
867 3931 1033 3991 Aristotelis
1063 3933 1209 3994 rhetorica
1238 3936 1402 4012 ediderunt,
1435 3937 1475 4001 ia

194 4041 321 4120 quidem,
346 4047 378 4099 ut
401 4039 489 4099 modo
512 4038 590 4098 hanc
613 4038 701 4096 modo
725 4037 807 4098 illam
823 4037 977 4097 lectionem
996 4039 1155 4115 probarent
1167 4041 1262 4101 verbis
1286 4042 1473 4121 interpretis,

195 4150 246 4209 sed
270 4149 306 4207 de
328 4147 450 4221 ratione,
475 4164 550 4223 quae
573 4144 648 4204 inter
671 4145 895 4204 translationem
920 4151 948 4204 et
971 4145 1100 4205 Graecos
1129 4147 1246 4207 codices
1270 4148 1473 4226 intercederet,

303 4303 328 4371 ¹⁸)
345 4301 490 4356 lourdain:
510 4300 682 4355 Becherches
696 4299 824 4368 critiques
843 4315 889 4352 sur
907 4297 975 4368 l'dge
994 4304 1020 4353 et
1039 4315 1085 4352 sur
1098 4298 1220 4370 l'origine
1240 4303 1287 4356 des
1304 4304 1476 4361 traductione

194 4392 291 4448 latinos
311 4390 472 4454 d'Aristote3
491 4390 523 4444 11.
542 4389 645 4443 edition
666 4388 742 4453 1843,
763 4404 789 4457 p.
808 4388 851 4453 70,
872 4387 931 4452 182,
949 4387 1011 4457 448.

284 4477 328 4553 aa)
347 4477 376 4534 Id
396 4483 508 4550 apparet
527 4495 560 4535 ex
578 4479 649 4534 illius
668 4478 864 4534 dissertationis
883 4478 972 4550 priore
992 4479 1111 4534 editione
1129 4494 1154 4537 a.
1175 4478 1252 4549 1819,
1271 4498 1299 4553 p.
1317 4481 1380 4540 492.
1497 4562 1500 4567 Ι
