3036 5076
598 317 814 391 ...m-.-

176 519 259 587 1368
275 543 292 584 a
309 525 348 586 15
366 523 452 598 (214,
472 523 524 598 14)
548 523 571 584 si
589 525 722 586 decentia
743 533 771 586 et
786 522 963 585 honorantia
987 542 1062 600 quae
1086 519 1126 598 (M
1142 541 1173 582 m
1189 541 1239 582 om
1256 514 1343 597 quae)

55 634 187 710 propter
213 630 292 689 hune
322 630 438 690 inventa
469 638 538 690 sunt
562 661 602 671 -
627 621 652 687 ei
673 629 710 688 τὰ
732 629 929 709 προτρέποντα
955 626 1007 687 καὶ
1029 635 1154 709 τιμῶντα
1176 622 1224 703 διὰ
1247 629 1345 684 τοῦτον

54 729 192 818 εὕρηται.
237 737 383 812 interpres
411 737 499 812 igitur
528 737 652 797 invenit:
687 728 711 794 ei
734 736 928 814 πρέποντα
955 731 1007 792 οιαὶ
1029 739 1155 814 τιμῶντα
1177 729 1225 800 διὰ
1248 737 1345 790 τοῦτον

54 836 191 924 εὕρηται.
216 836 337 921 (Iniuria
353 844 503 902 contendit
518 843 658 902 Morelius
675 842 864 919 interpretem
884 842 959 901 haec
981 841 1011 900 in
1027 841 1103 900 libro
1119 860 1173 901 suo
1190 840 1343 899 habuisse:

53 941 84 1008 εἰ
109 943 243 1008 δέοντα
266 946 318 1006 καὶ
340 955 465 1029 τιμῶντα
487 947 530 1006 τὰ
554 943 601 1006 διὰ
624 954 722 1007 τοῦτον
745 939 872 1029 εὕρηται.
896 948 951 1007 Hic
968 947 1011 1006 vir
1027 947 1052 1006 si
1069 967 1158 1007 usum
1173 946 1344 1023 interpretis
1470 958 1473 963 ’

55 1063 204 1118 accurate
219 1055 445 1128 considerasset,
469 1055 590 1115 vidisset
607 1075 674 1114 eum
691 1056 811 1114 verbum
828 1049 885 1111 δεῖν
908 1062 936 1112 et
948 1061 1024 1130 part.
1042 1048 1114 1111 δέων
1131 1052 1226 1113 verbis
1242 1072 1345 1129 opor-

55 1172 148 1224 tere
171 1170 199 1222 et
223 1171 467 1239 opportunus
491 1163 612 1220 reddere
636 1162 740 1223 solere.
774 1161 809 1219 Et
834 1160 859 1219 si
882 1160 1040 1219 iectionem
1056 1159 1237 1219 Graecorum
1260 1160 1345 1238 (προ-

55 1266 217 1349 τρέποντα)
242 1268 430 1344 respexisset,
454 1266 504 1326 vix
528 1267 678 1343 interpreti
703 1266 773 1326 talia
796 1264 996 1343 imputasset.)

176 1378 259 1437 1368
285 1394 302 1432 a
327 1377 366 1435 19
391 1374 550 1446 (214,17)
576 1374 613 1432 ad
637 1374 762 1432 eundem
788 1403 826 1413 —
852 1368 927 1428 καθ’
952 1361 1048 1428 αθτόν.

176 1485 259 1543 1368
278 1501 295 1540 a
311 1484 352 1541 20
370 1479 455 1552 (214,
475 1479 527 1552 18)
552 1479 682 1539 vicissim
706 1480 819 1554 regredi
838 1511 876 1519 —-
895 1470 1163 1555 ἀντιπαραβάλλειν.
1187 1477 1344 1554 Interpres,

58 1588 113 1665 qui
131 1587 208 1646 infra
225 1593 265 1648 25
283 1586 350 1657 (24)
366 1580 566 1662 παραβάλλειν
582 1594 661 1645 recte
677 1587 764 1646 verbo
786 1603 1014 1662 comparare
1030 1584 1140 1656 reddat,
1161 1583 1231 1656 legit
1250 1576 1346 1641 ἀντι-

57 1690 308 1771 παραβαὶνειν
332 1683 500 1770 (ΒΑΛΛΩ,
524 1684 666 1772 ΒΑΙΝΩ)
691 1693 735 1751 vet
758 1687 988 1770 παραναβαίνειν.

175 1803 258 1862 1368
276 1818 293 1858 a
310 1802 351 1860 20
376 1799 462 1871 (214,
482 1800 534 1871 19)
561 1806 679 1875 propter
703 1797 947 1857 consuetudinem
968 1804 996 1856 et
1012 1795 1286 1856 inconsuetudinem
1304 1827 1343 1836 -

60 1905 115 1965 A0:
143 1898 190 1961 διὰ
213 1902 264 1984 τὴν
287 1895 474 1983 ἀσυνήθειαν,
499 1904 606 1976 QYZ:
633 1899 680 1962 διὰ
703 1902 755 1984 τὴν
777 1901 944 1984 συνήθειαν.
969 1903 1023 1962 Vix
1047 1902 1170 1962 dubium
1195 1911 1248 1974 est,
1274 1903 1344 1979 quin

45 2013 160 2073 -altera
182 2030 239 2070 vox
264 2011 294 2069 in
318 2010 450 2085 margine
473 2011 535 2070 eius
552 2011 661 2070 codicis
687 2011 797 2088 scripta
821 2011 915 2084 tuerit,
942 2030 1000 2088 quo
1024 2010 1169 2086 interpres
1194 2028 1266 2068 usus
1291 2018 1344 2069 est.

175 2121 258 2179 1368
283 2137 301 2175 a
325 2121 363 2178 21
390 2109 478 2191 (214,
497 2111 551 2196 20)
577 2118 665 2176 etad
693 2148 727 2157 —
755 2115 838 2194 πρός.

173 2225 257 2286 1368
282 2242 300 2283 a
324 2227 363 2285 25
389 2216 476 2300 (214,
502 2218 557 2302 24)
582 2224 691 2282 multos
717 2254 756 2264 —
781 2216 992 2289 τοθςάλλοος.
1018 2224 1042 2282 Y
1064 2218 1193 2290 πολλοὺς
1216 2243 1292 2284 corr.

50 2332 53 2337 '
174 2332 257 2391 1368
283 2349 300 2388 a
324 2333 364 2390 28
391 2321 479 2405 (214,
506 2323 561 2406 29)
586 2329 714 2406 supponi
738 2319 954 2410 (inebriabunt)
984 2362 1015 2372 -
1045 2327 1214 2409 περιθεῖναι.

174 2438 257 2496 1368
277 2454 293 2492 a
311 2437 350 2494 33
368 2428 456 2511 (215,
471 2428 503 2513 2)
521 2442 640 2510 propter
656 2435 831 2494 evidentiam
850 2468 887 2477 —
906 2430 953 2493 διὰ
969 2435 1001 2493 τὸ
1018 2429 1140 2517 ἀοαρές,
1165 2437 1344 2498 Moneudum

63 2548 110 2601 est
134 2539 323 2616 interpretem
348 2540 524 2616 saepissime
540 2540 686 2600 Graecum
710 2541 884 2601 adiectivum
902 2543 1086 2602 substantivo
1102 2545 1231 2608 reddere.
1262 2544 1344 2616 Quae

64 2665 135 2706 eum
157 2645 199 2705 ita
222 2647 294 2718 sint,
326 2646 559 2706 evidentiam
582 2654 697 2707 mutare
720 2648 886 2721 nonlicet,
919 2651 971 2709 sed
995 2651 1185 2710 statuendum
1208 2659 1252 2710 est
1276 2670 1344 2710 eum

63 2751 173 2827 legisse
196 2758 247 2810 aut
270 2745 318 2808 διὰ
341 2749 373 2808 τὸ
396 2749 489 2832 σαφὲς
512 2759 545 2811 ιιι
568 2753 599 2825 Ζ,
625 2758 676 2812 aut
699 2747 746 2810 διὰ
769 2752 871 2834 nupto.

171 2860 256 2919 1368
274 2877 291 2917 a
308 2861 349 2919 36
366 2853 454 2936 (215,
474 2852 506 2935 6)
521 2857 630 2917 habitis
648 2849 821 2938 (ἐχομένων)
837 2891 876 2900 -
890 2860 929 2920 Αο
941 2861 963 2920 Y
977 2861 999 2920 Z
1017 2861 1161 2939 pessime:
1185 2852 1343 2941 ἐχομένως.

174 2966 257 3025 1368
283 2983 300 3024 a
325 2967 366 3024 36
391 2965 476 3038 (215,
492 2958 525 3043 6)
549 2971 648 3024 autem
674 2996 710 3006 -
736 2964 800 3043 γάρ.

374 3049 377 3056 ’
620 3069 716 3146 Caput
740 3074 791 3132 10.

174 3177 258 3235 1868
283 3175 302 3234 b
327 3179 344 3236 2
371 3169 459 3254 (215,
478 3169 511 3254 8)
536 3175 643 3250 quibus
668 3208 707 3217 -
732 3174 830 3234 ποίων.

173 3282 257 3342 1368
281 3282 300 3339 b
325 3286 342 3344 5
368 3275 531 3361 (21613)
554 3282 680 3342 dicimus
706 3314 744 3324 —
769 3276 910 3362 λέγωμεν.

177 3389 260 3448 1368
278 3388 297 3446 b
316 3389 353 3449 11
380 3383 543 3468 (21519)
567 3391 668 3450 omnia
690 3423 728 3431 —
747 3380 780 3448 οά
804 3390 906 3448 πάντα.
929 3391 962 3449 In
978 3411 1064 3450 versu
1089 3395 1129 3453 20
1154 3391 1273 3453 exhibet
1295 3414 1342 3457 m:

66 3493 165 3552 nullus
181 3492 259 3551 enim
275 3493 427 3570 quidem
445 3515 540 3570 quae
556 3496 642 3571 elegit
657 3496 772 3572 ignorat
783 3527 822 3538 -
837 3487 931 3562 οὐδεὶς
945 3494 1001 3575 γὰρ
1018 3491 1224 3575 ὃπροαιρεῖται
1239 3491 1343 3574 ἀγνοεῖ.

173 3602 257 3661 1368
282 3601 300 3658 b
326 3603 366 3662 13
392 3600 478 3675 (215,
497 3600 550 3674 21)
575 3602 654 3678 eligit
681 3634 717 3643 —
743 3607 954 3681 προαιροῦνται.

174 3709 257 3766 1868
270 3706 289 3764 b
305 3709 344 3769 15
360 3700 447 3784 (215,
459 3700 513 3785 23)
526 3708 604 3767 circa
616 3709 689 3768 haec
702 3729 777 3784 quae
794 3741 831 3750 -
845 3705 911 3788 περὶ
923 3705 954 3766 δὲ
966 3713 1048 3766 τοῦτο
1060 3703 1076 3766 θ
1089 3708 1140 3782 (Ac
1147 3699 1197 3787 oi).
1224 3709 1342 3787 Optime

10 3891 12 3900 .
64 3808 152 3886 igitur
163 3809 308 3887 interpres
319 3830 388 3871 cum
398 3812 463 3885 QG
476 3832 569 3889 marg.
579 3815 799 3891 A⁰particulam
811 3810 844 3871 δέ
856 3834 904 3874 om
918 3815 972 3888 (m:
987 3815 1232 3875 circahaecoirea
1242 3811 1340 3897 quae).

10 3979 15 3989 ,
173 3919 256 3978 1868
273 3919 292 3976 b
311 3921 350 3979 28
368 3919 524 3992 (21610)
547 3939 623 3996 quae
646 3921 789 3997 fugientes
808 3952 846 3962 —
864 3925 934 3978 ποῖα
949 3919 1114 4002 ρεὺγοντες;
1130 3942 1256 4000 quae-
1270 3925 1341 3980 ποῖα

66 4022 153 4082 etiam
178 4026 219 4083 30
244 4016 321 4101 (12),
347 4030 374 4082 et
399 4027 439 4086 32
465 4024 546 4098 (18);
572 4035 644 4102 quot
667 4034 695 4086 et
718 4047 793 4104 quae
818 4059 857 4068 —
882 4029 952 4084 ποῖα
975 4023 1027 4085 καὶ
1050 4026 1137 4089 πόσα.

173 4131 255 4191 1368
273 4131 291 4188 b
308 4133 346 4191 81
374 4130 460 4203 (216,
480 4132 532 4202 12)
557 4132 692 4209 proximo
716 4132 894 4193 iniuriantur
912 4164 950 4174 —
968 4129 1035 4199 τοὺς
1057 4128 1181 4214 πλησίον
1201 4125 1341 4192 ἀδικοῦσι.

173 4238 255 4297 1369
282 4257 299 4295 a
323 4240 341 4297 3
366 4236 457 4309 (216,
477 4237 530 4311 23)
555 4258 624 4298 oum
647 4239 761 4299 ratione
785 4239 932 4316 appetitus
958 4269 997 4280 -
1015 4238 1067 4300 A⁰z
1092 4231 1209 4314 ἀγαθοῦ
1240 4231 1341 4317 ὄρεξις,

81 4341 175 4429 1ῩΖι
201 4339 273 4420 μετὰ
295 4336 385 4418 λόγου
409 4335 501 4420 ὄρεξις
523 4335 651 4419 ἀγαθοῦ.

172 4450 256 4514 1369
281 4467 299 4508 a
323 4453 341 4514 9
365 4448 503 4527 (217,1)
527 4451 627 4532 utique
650 4451 704 4513 erit
728 4443 776 4529 (ἀν
799 4444 855 4536 εἴη)
880 4451 1000 4516 Graecis
1024 4453 1115 4520 deest.
