3036 5076
670 328 883 393 ..39...

126 530 206 592 falia
228 528 405 603 iudicantur,
436 527 627 589 manifestum
657 535 702 588 est
736 547 804 588 eum
832 549 891 589 non
921 527 1036 606 penitus
1059 527 1162 589 eadem
1185 525 1306 602 legisse,
1338 544 1414 603 quae

128 636 230 697 nostri
253 635 370 696 codices
393 635 548 713 praebent,
575 636 626 696 sed
649 636 720 711 alia,
749 637 875 696 fortasse
899 656 946 709 ea,
971 654 1047 713 quae
1069 635 1099 694 in
1122 635 1173 694 illo
1197 634 1297 694 codice
1320 640 1413 708 erant,

127 743 220 804 cuius
234 743 376 804 lectiones
388 742 419 801 in
430 762 523 818 marg.
533 742 572 801 Αο
579 762 668 818 saepe
684 743 837 820 suppletae
854 749 931 807 sunt.
960 742 1001 803 lbi
1018 740 1097 802 enirn
1114 741 1267 802 scribitur:
1283 736 1414 818 πρόσθεν

127 850 185 932 μὲν
210 853 350 931 τραχεῖαν
372 843 452 930 ἔχων
475 841 592 929 ὤμοισιν
616 843 749 907 ἄσιλλαν.

243 961 328 1021 1365
352 957 371 1017 b
396 962 435 1020 22
466 956 552 1030 (203,
579 958 611 1029 3)
638 947 780 1033 bissinam
803 949 836 1012 δὲ
857 951 909 1012 καὶ
930 952 1107 1032 κυριώτατον
1130 945 1264 1012 ἁπάντων
1289 946 1328 995 -’-
1353 975 1414 1016 ma·

130 1064 250 1125 ximum
285 1070 385 1124 autem
420 1070 448 1123 et
482 1063 659 1140 principium
695 1063 837 1126 omnium.
885 1061 1076 1138 Interpretem
1099 1061 1158 1121 alia
1181 1079 1216 1122 ac
1239 1081 1304 1135 nos,
1335 1063 1414 1122 velut

131 1163 242 1252 ἀρχήν,
267 1170 414 1230 iuvenisse
433 1171 480 1230 vix
501 1171 658 1247 quisquam
688 1171 860 1242 contendat;
885 1169 936 1229 sed
960 1169 1182 1246 principium
1206 1169 1330 1230 forsitan
1353 1189 1412 1230 non

132 1278 231 1354 magis
262 1296 310 1336 me
332 1296 422 1353 quam
451 1276 525 1336 alios
549 1277 693 1348 offendat3
724 1277 754 1335 hi
785 1276 854 1354 quin
880 1275 1234 1353 principalissimum
1258 1275 1410 1353 probaturi

133 1385 204 1458 sint,
234 1403 294 1443 non
317 1383 428 1456 dubito,
459 1383 633 1459 praesertim
657 1403 724 1442 cum
748 1385 830 1443 locos
854 1385 957 1443 eodem
980 1384 1069 1442 modo
1093 1385 1252 1443 translatos
1276 1385 1412 1444 afferam:

136 1496 223 1554 1356
239 1512 257 1551 a
274 1493 313 1553 13
332 1490 418 1562 (133,
433 1489 486 1561 20)
510 1488 690 1570 κυριωτάτην
708 1521 745 1531 -
761 1490 1059 1567 principalissimam
1087 1494 1169 1553 1393
1187 1510 1205 1550 a
1223 1494 1260 1552 17
1281 1490 1367 1562 (276,
1382 1488 1413 1562 9)

134 1595 344 1676 κυριώτεροι-
355 1596 577 1673 principaliora;
593 1600 676 1659 1399
686 1601 751 1659 132
761 1598 848 1671 (290,
860 1597 891 1672 3)
898 1596 1076 1675 κυριώτατος
1085 1629 1124 1638 -
1135 1596 1414 1674 principalissimus.

244 1706 514 1776 retractante,
535 1704 587 1774 11)
608 1697 706 1759 πολλὰ
721 1707 893 1784 προϋπῆρχε
912 1736 949 1744 -
969 1705 1061 1764 multa
1078 1704 1299 1781 praestiterunt;
1325 1703 1414 1768 scrib.

137 1811 456 1890 praeexstiterunt,
482 1817 514 1869 ut
537 1810 662 1885 legimus
688 1813 771 1873 1419
795 1812 814 1869 11
839 1817 879 1874 22
904 1810 991 1885 (341,
1018 1810 1059 1884 9).

245 1923 328 1982 1379
342 1919 361 1977 b
374 1920 392 1978 8
407 1917 495 1990 (243,
510 1914 565 1988 29)
589 1907 640 1973 ἐὰν
655 1908 759 1996 ἥττους
775 1908 828 1974 ὦσι
842 1950 879 1957 -
896 1917 920 1977 si
942 1918 1071 1977 minores
1093 1919 1210 1978 fuerunt
1231 1918 1272 1990 (Μ
1288 1918 1414 1996 fierent).

139 2026 332 2087 Scribendum
355 2031 413 2084 est:
438 2023 581 2083 fuerint.
622 2023 758 2100 Namque
782 2028 822 2086 22
849 2025 907 2085 1111
930 2024 1003 2084 locis
1027 2025 1172 2101 interpres
1196 2025 1416 2087 coniunctivum

89 2168 91 2173 ·
140 2140 190 2193 aut
206 2134 367 2211 optativum
383 2132 525 2209 temporis
541 2132 705 2209 praesentis
723 2133 907 2192 coniunctivo
923 2133 1043 2211 perfecti
1060 2133 1193 2196 reddidit.
1226 2133 1305 2194 Satis
1321 2135 1416 2194 habeo

139 2242 193 2301 hos
216 2242 317 2301 affere:
344 2243 427 2302 1413
453 2260 470 2298 a
495 2244 512 2300 5
539 2237 699 2312 (323,19)
723 2231 791 2296 ὅταν
814 2238 967 2320 μεταφορὰ
989 2232 1011 2317 ἠ
1035 2273 1074 2281 -
1101 2241 1219 2317 quando
1244 2241 1417 2317 metaphora

88 2382 94 2445 Ι
140 2348 238 2420 fuerin
263 2351 347 2410 1333
372 2367 390 2407 a
414 2350 456 2410 24
480 2345 569 2420 (252,
587 2345 642 2419 29)
666 2337 716 2403 ἐὰν
738 2341 857 2413 πλείους
880 2339 932 2404 ὦσι
951 2378 987 2389 -
1008 2348 1032 2407 si
1057 2349 1156 2425 plures
1181 2348 1303 2420 fuerint3
1330 2349 1414 2410 1406

88 2450 92 2493 t
141 2476 157 2515 a
179 2460 220 2518 36
245 2455 331 2527 (307,
358 2452 389 2526 7)
413 2445 482 2511 ὅταν
505 2445 655 2532 ἀνώνυμον
678 2446 843 2531 1)-111111
866 2454 1084 2514 innominatum
1108 2454 1206 2526 fuerin
1233 2457 1316 2517 1407
1336 2474 1353 2513 a
1374 2455 1411 2516 11

141 2561 223 2634 (303,
237 2562 290 2631 26)
313 2551 380 2617 ὅσαι
401 2551 437 2616 ἂν
459 2549 647 2639 εὐδοκιμοῦσιν
665 2593 704 2603 -
722 2581 914 2639 quaecunque
933 2561 1034 2638 utique
1054 2561 1235 2637 approbatae
1250 2560 1367 2621 fuerint.

246 2669 400 2730 1330115
426 2667 513 2741 (246,
527 2667 558 2739 9)
582 2659 611 2724 ἐν
635 2659 728 2725 ἐλπίδι
750 2660 924 2726 ἐπιεικεῖ-
942 2669 972 2728 in
996 2688 1049 2745 spe
1072 2669 1193 2745 optima.
1225 2668 1416 2744 interpretem

142 2773 168 2833 in
198 2773 409 2833 transferendis
441 2773 566 2848 singulis
593 2774 689 2834 verbis
720 2776 978 2835 accuratissimum
1009 2775 1052 2835 sic
1083 2775 1240 2852 scripsisse
1267 2793 1355 2850 neg0;
1388 2780 1417 2832 et

141 2900 318 2958 quamquam
341 2879 390 2938 alii
414 2879 479 2952 loci,
505 2899 573 2939 cum
597 2880 771 2941 adiectivum
795 2872 925 2963 ἐπιεικής
947 2881 1057 2958 ubique
1080 2882 1226 2957 integrum
1250 2882 1279 2940 in
1304 2887 1418 2941 textum

141 2978 429 3064 receperitduobus
452 2985 526 3045 locis
551 2985 649 3059 (1356
674 3008 692 3046 a
716 2990 734 3048 6
760 3006 801 3040 =
827 2992 899 3061 183,
927 2991 967 3050 13
992 2990 1080 3048 verbo
1104 2989 1304 3059 modestus,
1332 2991 1416 3050 1405

141 3096 251 3157 hs:
269 3098 342 3167 304,
365 3091 421 3165 29)
444 3094 532 3153 111110
557 3095 756 3170 congruus)
781 3095 865 3154 aliter
888 3095 1053 3170 reddiderit,
1079 3115 1127 3154 me
1150 3095 1299 3166 deserunt,
1323 3094 1418 3153 audeo

142 3221 302 3279 proponere
331 3208 527 3277 oportuna,
560 3220 627 3260 cum
659 3201 794 3261 librarios
824 3203 911 3261 verba
942 3202 1103 3278 optimus
1133 3208 1162 3262 et
1193 3207 1418 3278 opportunus

142 3308 212 3367 alias
236 3326 353 3385 quoquc
377 3306 467 3379 (velut
491 3327 520 3384 p.
547 3310 620 3380 185,
648 3310 705 3378 16;
731 3311 804 3381 306,
832 3307 884 3379 11)
909 3309 1086 3368 confundere
1108 3308 1233 3371 rideam.

246 3416 329 3476 1382
354 3434 372 3473 a
396 3416 414 3475 8
439 3412 525 3486 (249,
552 3411 606 3485 23)
634 3411 748 3483 QYZ:
779 3410 831 3468 καὶ
853 3405 873 3493 ἡ
897 3411 949 3493 μὲν
972 3418 1022 3471 τοῦ
1045 3409 1174 3496 λυπῆσαι
1196 3405 1319 3495 ἐφίεται,
1343 3405 1362 3495 ἡ
1386 3409 1419 3471 δὲ

141 3523 187 3577 τοῦ
200 3525 337 3578 κακῶσαι
357 3514 471 3598 μᾶλλον
498 3551 537 3561 -
559 3528 588 3579 et
612 3542 650 3579 ,1.
676 3518 794 3595 quidem
824 3521 999 3581 contristare
1023 3522 1143 3598 appetit,
1167 3523 1225 3582 hoe
1248 3528 1348 3582 autern
1371 3540 1419 3581 ne·

142 3645 223 3687 cesse
249 3627 358 3702 magis3
390 3628 419 3686 M
450 3628 567 3687 exhibet
594 3646 654 3685 non
683 3645 857 3700 necesse,
893 3628 944 3687 sed
968 3647 1098 3688 vocem.
1146 3628 1239 3689 Scrib.
1270 3646 1418 3687 nocere.

144 3732 261 3804 (Confer
286 3738 359 3805 215,
387 3731 451 3804 21).

248 3842 331 3902 1333
349 3859 367 3898 a
385 3842 424 3901 17
450 3838 537 3912 (264,
552 3836 607 3910 19)
630 3835 682 3895 καὶ
705 3830 744 3896 ὧν
768 3831 787 3919 ἢ
811 3831 998 3920 κεκτημένων
1020 3833 1040 3921 ἢ
1063 3837 1286 3919 sampsorum
1310 3833 1420 3906 ὄνειδος

140 3936 237 4013 αὐτοῖς
263 3976 299 3987 -
327 3953 355 4005 et
378 3944 484 4021 quibus
509 3952 560 4003 aut
583 3944 802 4021 possidentibus
826 3953 877 4005 aut
899 3947 1095 4007 dividentibus
1118 3947 1311 4025 opprobrium
1333 3946 1421 4024 ipsis.

139 4053 193 4114 Hic
225 4072 343 4130 quoque
373 4053 562 4128 interpretem
592 4051 650 4111 alia
674 4071 709 4110 ac
735 4071 791 4112 nos
822 4052 859 4128 (e.
885 4073 912 4129 g.
937 4047 1131 4132 διαιροὺντων)
1163 4053 1310 4114 invenisse
1333 4072 1419 4129 nego.

139 4159 313 4220 Mutandum
337 4158 434 4233 igilur,
465 4165 553 4235 atque
576 4158 604 4217 id
629 4158 692 4218 sine
715 4159 775 4218 ullo
799 4159 897 4227 dubio,
922 4162 1009 4219 verbo
1033 4160 1305 4235 dirigentibus,
1331 4178 1421 4236 quam

137 4267 340 4328 coniecturam
363 4266 448 4324 firmo
471 4264 518 4323 his
543 4265 696 4341 exerirplis.
725 4267 807 4326 1363
833 4286 850 4324 a
875 4269 915 4327 36
941 4270 1027 4340 (201,
1054 4270 1109 4343 28)
1137 4257 1209 4345 ῥᾷον
1231 4263 1288 4343 γὰρ
1311 4280 1421 4344 κατορ-

134 4371 245 4432 θώσειν
273 4364 379 4430 οἴονται
403 4403 441 4412 -
469 4371 583 4432 facilius
614 4371 692 4431 enim
724 4370 848 4447 dirigere
876 4380 995 4449 putant;
1029 4376 1111 4434 1368
1138 4394 1155 4434 a
1181 4377 1220 4436 14
1250 4368 1339 4450 (214,
1366 4366 1420 4451 12)

133 4477 286 4550 πολλάκις
309 4477 342 4537 τὸ
366 4469 436 4541 αὐτὸ
461 4474 662 4559 κατώρθωκεν
680 4509 716 4518 -
737 4498 826 4557 saepe
849 4478 925 4538 idem
949 4479 1071 4553 direxit3
1098 4480 1254 4544 1330113
1279 4478 1366 4553 (246,
1387 4471 1419 4558 7)
