3036 5076
225 1170 341 1281 Laude
365 1220 518 1293 adductus
544 1240 602 1296 qua
625 1239 694 1279 cum
717 1219 883 1279 doctissimi
907 1220 949 1278 illi
974 1218 1087 1293 Graeci,
1113 1219 1287 1280 Theodorus
1304 1219 1395 1292 Gaza,

130 1327 341 1405 ArgyropuluS,
378 1327 552 1399 Bessarion,
589 1334 652 1385 tum
686 1326 789 1384 Petrus
823 1326 966 1384 Victorius
1007 1334 1153 1385 vetustam
1190 1326 1328 1386 Guilelmi
1361 1327 1398 1384 de

132 1433 275 1493 Moerbeka
291 1432 515 1493 translationem
532 1434 760 1504 celebraverunt,
779 1433 968 1508 offensusque
985 1432 1271 1505 „hariolationibus“
1284 1451 1397 1505 eorum,
1412 1432 1417 1439 “

136 1539 176 1616 qui
196 1541 249 1599 hac
272 1540 514 1616 interpretatione
541 1539 618 1597 male
642 1539 687 1596 usi
711 1546 803 1610 erant,
833 1539 1004 1599 Leonardus
1030 1540 1173 1617 Spengel,
1207 1559 1264 1616 quo
1296 1539 1397 1598 dubito

137 1666 167 1704 an
193 1666 275 1721 nemo
311 1654 414 1706 nostra
448 1652 543 1705 aetate
578 1645 683 1703 melius
715 1646 750 1703 de
778 1646 945 1705 Aristotelis
977 1655 1053 1706 arte<
1072 1646 1219 1706 rhetorica
1249 1645 1397 1718 meruerit,

137 1751 200 1812 hane
221 1752 444 1813 translationem
472 1752 568 1810 denuo
599 1751 677 1827 typis
708 1751 932 1811 describendam
962 1752 1083 1812 curavit.
1132 1753 1269 1811 Sinceras
1298 1758 1398 1811 autern

137 1857 260 1918 lectiones
284 1879 342 1935 quo
366 1858 474 1918 certius
504 1858 679 1929 enuclearet,
710 1858 759 1917 ille
783 1858 900 1934 quidem
933 1866 992 1918 tres
1017 1861 1107 1918 libros
1133 1859 1277 1930 (codicem
1298 1858 1399 1917 Mona·

140 1981 240 2024 censam
272 1966 388 2038 306*)‚
428 1963 584 2024 editionem
616 1964 758 2024 Venetam
795 1965 864 2024 anni
897 1968 1006 2038 1481,
1037 1965 1116 2024 Petri
1147 1964 1267 2023 Victorii
1303 1983 1399 2023 exem·

143 2071 221 2144 plum)
252 2072 328 2132 inter
359 2092 390 2131 se
422 2072 554 2132 eontulit.
602 2070 659 2129 Sed
690 2071 822 2130 codicem
845 2072 873 2129 M
904 2078 932 2130 et
962 2071 1119 2131 editionem
1142 2072 1284 2131 Venetam
1318 2072 1342 2145 (ι
1363 2071 1398 2143 Ε)
1489 2148 1490 2153 ¹

141 2179 274 2238 oculorum
308 2177 478 2238 infirmitate
508 2177 667 2254 impeditus
698 2197 757 2237 non
787 2177 862 2237 satis
893 2185 1030 2239 accurate
1060 2180 1201 2248 excussit.
1236 2180 1349 2257 'ltaque
1372 2186 1401 2239 et

140 2280 192 2356 ipse
205 2285 255 2344 hos
271 2286 363 2345 libros
381 2291 583 2360 perscrutatus
601 2304 677 2343 sum.
723 2284 828 2343 Exstat
849 2292 948 2343 autem
965 2286 994 2344 in
1010 2286 1188 2346 bibliotheca
1204 2287 1284 2363 regia
1300 2287 1400 2346 Mona-

142 2391 207 2448 censi
227 2393 299 2451 alter
322 2392 399 2450 hane
424 2391 647 2450 translationem
671 2391 824 2451 continens
849 2393 950 2464 codex,
977 2393 1069 2452 multo
1094 2395 1291 2469 praestantior
1313 2402 1401 2470 atque
1479 2381 1481 2386 ⁵

142 2491 261 2571 integrior
285 2518 374 2575 quam
398 2499 476 2558 Mon.
503 2501 576 2570 306,
602 2497 686 2556 cuins
711 2518 758 2555 me
782 2497 935 2557 admonuit
959 2498 1123 2558 Guilelmus
1147 2501 1252 2576 Meyer,
1278 2500 1321 2558 vir
1340 2519 1400 2559 non

144 2604 221 2678 magis
243 2605 377 2665 literatus
403 2625 491 2682 quam
516 2604 674 2665 officiosus.
701 2604 788 2663 Hunc
812 2624 928 2681 quoque
952 2605 1092 2679 codicem,
1118 2606 1167 2683 qui
1189 2606 1219 2664 in
1242 2605 1338 2664 indice
1362 2605 1402 2665 bi·

143 2704 416 2787 bliothecae'regiae
440 2731 563 2770 numero
587 2704 690 2783 8003,
722 2711 753 2769 in
776 2710 832 2769 hac
855 2710 1063 2771 dissertatione
1084 2712 1170 2772 litera
1192 2726 1228 2772 m
1257 2712 1400 2788 signatur,

128 2813 276 2892 'diligenter
300 2819 420 2880 contuli.
469 2818 601 2890 Quorum
627 2817 762 2877 codicum
786 2818 926 2877 lectiones
950 2837 1041 2878 novas
1065 2819 1107 2879 ita
1130 2819 1190 2879 iam
1214 2821 1340 2896 profero,
1370 2825 1402 2878 ut

143 2925 268 3000 omittam,
294 2925 435 3004 quidquid
459 2925 562 2985 inutile
585 2933 630 2985 est
654 2944 688 2984 ac
713 2944 973 3001 supervacaneum.

700 3068 787 3127 Liber
810 3068 830 3128 l.

233 3196 318 3255 1354
335 3213 353 3252 a
371 3195 410 3254 10
428 3193 514 3266 (178,
534 3187 641 3272 11)**)
666 3168 705 3248 το
722 3185 754 3247 δὲ
778 3195 902 3250 τοιοῦτον
924 3185 982 3273 ἤδη
1005 3192 1110 3259 πάντες
1133 3184 1168 3250 ἂν
1191 3183 1404 3275 ὁμολογήσαιεν

138 3328 170 3338 —-
188 3300 245 3360 tale
268 3304 367 3358 autem
392 3319 495 3358 omnes
520 3299 621 3375 utique
644 3300 880 3371 confitebuntur3
905 3307 935 3359 at
958 3299 981 3357 E
998 3308 1025 3358 et
1042 3321 1087 3359 rn:
1113 3307 1133 3359 t.
1151 3320 1177 3360 a.
1196 3320 1222 3363 o.
1240 3319 1269 3363 u.
1287 3301 1357 3360 iarn
1376 3320 1402 3364 c.

234 3409 318 3468 1354
343 3426 360 3464 a
385 3409 424 3466 23
450 3407 537 3480 (179,
556 3406 587 3477 3)
611 3402 752 3483 καθάπερ
776 3402 828 3462 καὶ
850 3396 880 3461 ἐν
902 3396 1009 3483 Ἀρείῳ
1033 3405 1119 3483 πάγῳ
1138 3438 1174 3447 -
1195 3407 1238 3465 sic
1262 3407 1350 3467 etiam
1374 3406 1403 3466 in

132 3513 302 3589 Areopag03
328 3519 357 3572 at
380 3511 408 3570 M
432 3519 460 3570 et
483 3532 528 3572 m:
555 3512 655 3571 sicut
679 3520 712 3571 et
735 3512 765 3571 in
788 3512 824 3571 A.

236 3621 320 3681 1354
345 3619 363 3678 b
388 3625 405 3679 5
431 3618 518 3690 (179,
546 3617 599 3690 19)
624 3610 665 3675 ὅτι
688 3610 707 3699 ἡ
732 3616 784 3698 μὲν
806 3622 856 3675 τοῦ
879 3613 1043 3697 νομοθέτου
1066 3616 1215 3697 κρίσις-
1240 3620 1309 3697 quia
1332 3619 1404 3680 iudi-

96 3730 98 3737 '
128 3725 210 3787 cium
233 3724 411 3801 legislatoris
420 3745 428 3804 3
461 3732 490 3784 at
513 3724 556 3785 M:
583 3725 632 3801 qui
656 3725 675 3784 i.
701 3725 851 3801 quidem
874 3726 894 3785 l.

235 3837 320 3894 1354
343 3832 363 3892 b
389 3834 427 3894 18
453 3832 540 3906 (179,
568 3831 623 3905 31)
654 3830 685 3889 τὸ
709 3829 858 3912 προοίμιον
888 3823 908 3913 ἢ
935 3828 987 3913 τὴν
1011 3825 1141 3913 διήγησιν
1170 3824 1249 3913 ἔχειν
1277 3864 1311 3875 -
1340 3852 1405 3912 pro·

122 3939 257 4002 oemium
279 3938 389 3998 habere
412 3945 462 3998 aut
486 3939 702 4013 narrationem;
733 3949 763 4000 at
787 3939 818 4015 ll,
843 3941 881 4014 M,
907 3961 952 4000 m:
979 3938 1222 4017 prohemium
1246 3949 1307 4001 aut
1331 3960 1406 4002 nar·

122 4047 319 4110 rationem
344 4046 497 4106 habere.

234 4217 259 4285 *)
280 4214 331 4272 Per
350 4234 469 4272 errorem
488 4202 690 4289 Spengel'huic
710 4218 796 4273 codici
814 4217 842 4272 in
861 4217 927 4274 artis
949 4218 1101 4274 rhetoricae
1127 4217 1244 4273 editione
1269 4215 1307 4287 (a.
1327 4218 1404 4276 1867.

123 4308 179 4365 vol.
198 4307 219 4361 1.
238 4324 300 4376 pag.
321 4307 391 4373 166.)
410 4324 554 4361 numerum
573 4307 624 4360 307
644 4309 748 4362 tribuit.
889 4316 908 4368 'x

96 4464 99 4481 Ι
218 4393 264 4465 **)
281 4395 462 4450 Nummorum
481 4397 586 4465 priores
604 4395 741 4464 pertinent
760 4397 794 4451 ad
814 4395 928 4451 Bekkeri
946 4396 1093 4451 editionem
1119 4396 1185 4450 anni
1206 4395 1295 4464 1831,
1316 4401 1405 4467 poste·

96 4488 99 4551 i
124 4483 222 4552 riores,
241 4485 289 4558 qui
306 4484 385 4540 uncis
403 4485 501 4540 inclusi
520 4490 592 4554 sunt,
612 4486 644 4540 ad
664 4485 789 4557 Spengeli
807 4486 954 4542 editionem
973 4487 1036 4541 anni
1057 4485 1135 4543 1867.

1179 4575 1198 4631 t
