3036 5076
163 1166 279 1276 Laude
303 1216 456 1288 adductus,
482 1235 540 1291 qua
563 1235 632 1274 cum
655 1214 821 1274 doctissimi
845 1215 887 1273 illi
912 1213 1025 1288 Graeci,
1051 1213 1225 1274 Theodorus
1242 1213 1333 1286 Gaza,

100 1325 279 1400 gyropulus,
316 1323 490 1394 Bessarion‚
528 1330 590 1380 tum
624 1321 727 1378 Petrus
761 1320 904 1379 Victorius
945 1328 1092 1380 vetustam
1128 1320 1266 1380 Guilelmi
1300 1321 1336 1379 de

100 1432 214 1488 erbeka
229 1428 453 1488 translationem
470 1429 698 1499 celebraverunt,
717 1428 906 1503 offensusque
923 1426 1209 1499 „hariolationibus“
1222 1426 1355 1499 eorum,¹

100 1538 105 1594 i
130 1538 187 1595 hac
211 1535 452 1612 interpretatione
479 1534 556 1592 male
580 1533 625 1591 usi
649 1541 741 1605 erant,
772 1535 943 1593 Leonardus
968 1535 1111 1611 Spengel,
1145 1554 1203 1611 quo
1234 1533 1335 1592 dubito

125 1663 214 1702 nemo
250 1650 352 1701 nostra
387 1647 481 1699 aetate
517 1639 621 1698 melius
652 1641 689 1698 de
716 1641 884 1700 Aristotelis
915 1649 991 1700 arte
1011 1641 1157 1700 rhetorica
1188 1639 1335 1712 meruerit,

100 1769 133 1808 nc
159 1748 382 1808 translationem
410 1748 506 1806 denuo
537 1746 615 1822 typis
646 1746 870 1806 describendam
901 1747 1022 1807 curavit.
1071 1747 1207 1806 Sinceras
1237 1752 1336 1805 autern

102 1856 199 1913 tiones
223 1874 280 1931 quo
305 1854 412 1913 certius
442 1854 617 1925 enuclearet,
648 1853 697 1912 ille
721 1852 839 1929 quidem
871 1862 930 1912 tres
955 1855 1046 1912 libros
1071 1853 1215 1926 (codicem
1237 1852 1338 1911 Mona·

100 1983 178 2020 rsem
211 1962 327 2033 306*),
366 1959 523 2019 editionem
554 1959 696 2019 Venetam
733 1959 803 2018 anni
835 1963 944 2033 1481„
976 1960 1055 2019 Petri
1085 1958 1205 2018 Victorii
1241 1977 1337 2017 exem·

100 2069 158 2139 rm)
192 2069 266 2127 inter
297 2088 328 2126 se
360 2067 492 2127 contulit.
540 2065 598 2124 Sed
628 2066 760 2124 codicem
783 2067 812 2124 M
843 2074 871 2125 et
901 2066 1057 2126 editionem
1081 2067 1222 2126 Venetam
1257 2066 1281 2139 (ι
1302 2065 1336 2137 Ε)
1427 2142 1429 2148 Ι

100 2177 213 2233 rlorum
247 2173 417 2234 infirmitate
446 2172 605 2249 impeditus
636 2193 695 2231 non
726 2172 800 2232 satis
832 2181 968 2232 accurate
999 2175 1140 2243 excussit.
1174 2175 1287 2251 'ltaque
1310 2180 1339 2233 et

104 2302 121 2340 e
139 2283 194 2339 hos
210 2282 302 2339 libros
320 2288 522 2357 perscrutatus
540 2299 616 2338 sum.
662 2278 767 2338 Exstat
788 2287 887 2339 autem
903 2281 932 2339 in
949 2281 1127 2341 bibliotheca
1143 2282 1223 2357 regia
1238 2281 1338 2340 Mona·

100 2389 139 2446 isi
165 2389 238 2446 alter
261 2388 337 2446 hanc
363 2387 585 2446 translationem
609 2386 763 2445 continens
788 2388 889 2458 codex,
915 2388 1007 2446 nmlto
1033 2389 1230 2464 praestantior
1251 2396 1339 2465 atque
1417 2375 1419 2380 ¹

101 2495 200 2569 egrior
224 2514 312 2570 quarn
337 2495 414 2552 Mon.
442 2497 515 2565 306,
541 2493 624 2551 cuius
648 2513 696 2550 me
721 2493 873 2552 admonuit
897 2493 1061 2552 Guilelmus
1086 2495 1191 2570 Meyer,
1216 2495 1260 2552 vir
1278 2513 1338 2553 non

100 2602 158 2676 agis
182 2602 316 2660 literatus
341 2621 429 2677 quam
454 2600 613 2660 officiosus
639 2599 726 2658 Hunc
751 2619 867 2676 quoque
890 2600 1031 2673 codicem,
1057 2600 1106 2678 qui
1127 2600 1158 2659 in
1180 2600 1277 2659 indice
1300 2600 1340 2659 bi·

101 2701 355 2782 othecae'regiae
378 2726 501 2766 numero
526 2699 629 2778 8003,
660 2706 691 2764 in
714 2706 771 2765 hac
794 2706 1001 2766 dissertatione
1023 2707 1108 2766 litera
1131 2720 1166 2766 m
1196 2707 1338 2782 signatur,

101 2817 215 2890 igenter
239 2815 359 2876 contuli.
408 2813 540 2886 Quorum
565 2812 701 2872 codicum
724 2812 864 2872 lectiones
890 2832 980 2876 novas
1004 2813 1045 2874 ita
1069 2813 1129 2874 ianr
1153 2815 1279 2890 profero,
1308 2819 1340 2872 ut

100 2925 207 2994 littam,
233 2921 374 2999 quidquid
397 2921 500 2980 inutile
523 2928 569 2980 est
592 2939 627 2980 ac
651 2939 912 2996 supervacaneum.

639 3063 726 3122 Liber
749 3062 769 3123 l.

172 3192 258 3251 1354
275 3209 292 3247 a
310 3191 349 3250 10
367 3189 453 3261 (178,
473 3183 580 3268 11)**)
605 3163 643 3244 ab
661 3181 693 3242 δὲ
716 3190 841 3245 τοιοῦτον
863 3180 921 3268 ἤδη
944 3187 1049 3254 πάντες
1072 3179 1107 3245 ἂν
1130 3178 1343 3269 ὁμολογήσαιεν

100 3330 101 3334 =
123 3297 183 3355 tale
208 3301 305 3353 autem
330 3313 434 3354 omnes
458 3294 559 3371 utique
583 3295 819 3366 conlitebuirtur3
844 3302 874 3354 at
897 3295 965 3354 Eet
981 3315 1026 3354 m:
1051 3302 1072 3354 t.
1090 3315 1116 3355 a.
1135 3315 1162 3358 o.
1179 3314 1208 3358 u.
1226 3295 1296 3354 iam
1315 3314 1341 3359 c.

173 3405 257 3463 1354
282 3421 298 3459 a
323 3405 363 3462 23
389 3404 476 3474 (179,
495 3400 526 3473 3)
550 3397 691 3479 καθάπερ
715 3397 767 3456 acl
789 3391 818 3457 ἐν
841 3391 948 3478 Ἀρείῳ
972 3399 1113 3478 πάγῳ-
1134 3401 1177 3460 sic
1201 3401 1289 3461 etiam
1313 3400 1342 3460 in

100 3528 241 3585 ·eopago;
266 3516 296 3568 at
318 3508 347 3566 M
371 3515 399 3566 et
423 3528 468 3567 m:
494 3507 594 3567 siout
618 3516 650 3567 et
674 3507 703 3567 in
727 3507 763 3566 Α.

174 3619 260 3676 1354
284 3615 301 3673 b
327 3621 344 3675 5
370 3614 457 3686 (179,
485 3613 538 3686 19)
563 3605 604 3671 ὅτι
627 3605 646 3694 ἡ
670 3611 723 3693 μὲν
745 3617 795 3670 τοῦ
818 3608 982 3692 νομοθέτου
1005 3611 1154 3692 κρίσις-
1179 3614 1249 3691 quia
1271 3613 1343 3674 iudi·

100 3743 147 3781 rm
172 3720 367 3800 legislatoris;
400 3727 430 3779 at
452 3719 496 3780 M:
522 3720 570 3797 qui
595 3719 614 3779 i.
640 3720 790 3797 quidem
813 3721 833 3780 l.

173 3832 259 3890 1354
282 3828 301 3887 b
328 3830 366 3890 18
393 3827 479 3902 (179,
507 3826 562 3900 31)
593 3825 624 3884 τὸ
648 3825 797 3908 προοίμιον
827 3818 847 3908 ἢ
874 3824 926 3908 τὴν
950 3820 1080 3908 διήγησιν
1109 3819 1188 3907 ἔχειν
1216 3858 1250 3869 -
1279 3846 1344 3906 pro·

100 3936 196 3995 mium
219 3935 328 3994 habere
351 3941 401 3993 aut
425 3935 641 4008 narrationem3
672 3944 702 3995 at
725 3935 757 4010 E,
782 3936 820 4009 M,
847 3956 892 3996 m:
918 3933 1161 4012 prohemium
1185 3943 1246 3996 aut
1270 3954 1344 3996 nar·

100 4044 259 4103 ¹tionem
283 4042 436 4102 habere.

100 4167 274 4179 u--m

173 4213 198 4280 *l
219 4212 270 4268 Per
289 4230 408 4268 errorem
427 4197 630 4284 Spengelhuic
649 4214 735 4270 codici
753 4212 782 4268 in
800 4213 866 4270 artis
889 4213 1040 4269 rhetoricae
1066 4212 1183 4269 editione
1208 4210 1246 4282 (a.
1266 4213 1344 4270 1867.

100 4305 116 4359 l.
136 4305 158 4356 I.
178 4320 239 4370 pag.
261 4303 330 4369 166.)
349 4320 493 4356 numerum
512 4303 563 4356 307
583 4304 687 4358 tribuit.
829 4312 848 4364 t

157 4390 203 4460 **)
222 4391 401 4445 Numerorum
420 4392 525 4460 priores
544 4391 680 4460 pertinent
699 4393 733 4447 ad
753 4391 867 4447 Beklreri
885 4391 1032 4446 editionem
1058 4391 1124 4445 anni
1145 4390 1235 4459 1831„
1255 4394 1344 4462 poste·

100 4497 160 4547 nea,
181 4481 227 4553 qui
246 4480 324 4535 uncis
342 4480 440 4535 inclusi
460 4486 531 4549 sunt,
551 4482 583 4536 ad
604 4481 728 4552 Spengeli
747 4482 894 4537 editionem
912 4482 975 4536 anni
997 4480 1074 4538 1867.

1119 4570 1138 4626 t
