2992 5084
653 335 869 400 ..31..

148 553 213 596 remo
235 533 340 608 adbuc,
366 532 445 611 quod
469 553 523 610 ego
547 532 666 610 quidem
690 533 792 609 sciam,
817 541 930 595 eertum
953 534 1114 611 quidquam
1139 533 1268 609 protulit,
1303 532 1402 610 Atqui,

148 648 169 703 ot
186 641 221 701 ait
234 641 453 714 Lachmannus,
480 641 609 718 primum
626 647 670 699 est
694 648 782 717 atque
807 641 980 718 primarium
1000 640 1130 700 officium
1147 640 1219 712 eius,
1244 640 1294 717 qui
1310 648 1404 700 artem

148 747 254 809 triticam
270 763 407 808 exercere
422 748 499 821 velit,
519 747 752 824 uniuscuiusque
768 748 878 807 codicis
899 748 1032 822 detegere
1053 749 1174 807 fontem.
1198 747 1307 806 Verum
1324 748 1402 806 enim

148 853 247 915 editores
271 874 338 915 eam
353 854 485 914 muneris
503 860 616 930 partem
633 873 692 912 non
708 855 811 913 eadem
834 854 984 928 diligentia
1001 874 1059 930 qua
1075 860 1187 914 ceteras
1203 855 1402 930 expleverunt.

147 958 267 1021 lictorius
291 961 411 1038 quidem
435 960 508 1020 satis
531 960 620 1018 babet
643 960 741 1019 dicere
769 960 993 1020 translationem
1024 960 1197 1038 plerumque
1227 962 1403 1021 concordem

148 1084 195 1127 esse
213 1084 279 1126 cum
309 1067 528 1145 optimo'libro
552 1057 633 1143 (Ar),
666 1071 694 1124 et
722 1065 809 1125 huius
834 1065 886 1124 viri
916 1065 1122 1125 auctoritatem
1152 1066 1201 1125 alii
1230 1077 1402 1143 sequuntur,

148 1173 206 1231 relut
223 1166 389 1250 Vaterus*),
414 1172 525 1249 quippe
547 1171 598 1247 qui
621 1171 700 1230 dicat
724 1171 898 1248 plerumque
914 1191 979 1231 eam
996 1190 1064 1230 cum
1081 1171 1181 1231 codice
1196 1173 1403 1250 antiquissimo

148 1278 298 1353 consentire,
322 1279 364 1338 ita
386 1284 419 1338 ut
442 1277 597 1354 utriusque
619 1284 718 1337 textus
743 1279 779 1337 ad
803 1297 895 1336 unum
920 1279 1031 1337 fontem
1054 1277 1224 1338 referendus
1256 1281 1301 1340 sit.
1349 1283 1404 1343 Ac·

147 1384 253 1445 oratius
276 1386 313 1445 de
328 1384 384 1444 bac
400 1404 432 1445 re
447 1392 479 1444 ut
495 1384 531 1443 de
548 1384 695 1443 sexcentis
713 1384 778 1443 aliis
796 1384 924 1460 Spengel
941 1383 1073 1455 disserit;
1099 1385 1151 1443 sed
1168 1404 1204 1443 ne
1220 1385 1268 1445 hic
1285 1388 1403 1464 qnidcm

147 1508 227 1552 onnes
249 1491 327 1552 tollit
347 1491 554 1551 dubitationes.
595 1490 696 1567 ltaque
712 1498 740 1549 et
762 1490 819 1550 hac
843 1510 874 1549 re
898 1498 1050 1566 permotus
1074 1498 1103 1549 et
1126 1491 1233 1551 fiducia
1256 1493 1403 1571 impulsus

147 1614 180 1658 ore
200 1598 348 1658 nonnullis
378 1599 452 1658 locis
485 1597 594 1657 rectius
624 1617 714 1675 quam
741 1597 824 1656 illum
848 1596 956 1656 vidisse
991 1616 1044 1672 ego
1068 1617 1160 1657 ausus
1191 1618 1257 1657 sum
1287 1604 1405 1677 aggredi

122 1705 238 1787 'adhoc
260 1724 381 1768 munus,
430 1705 515 1776 Quod
544 1704 718 1781 priusquam
752 1704 924 1779 suscipiam,
949 1723 1000 1763 eos
1022 1705 1114 1777 locos,
1146 1706 1252 1781 quibus
1276 1708 1402 1785 Spengel

146 1818 181 1870 ort
198 1818 273 1872 errat
288 1818 340 1871 aut
355 1812 443 1872 verba
459 1811 563 1870 Latina
579 1811 721 1870 audacius
738 1810 766 1869 in
784 1811 985 1886 suspicionem
1001 1818 1095 1883 vocat,
1120 1813 1222 1887 paucis
1239 1813 1401 1878 absolvam.

229 1922 314 1981 1354
338 1938 356 1977 a
380 1923 398 1980 2
423 1913 509 1997 (178,
528 1912 561 1994 2)
585 1914 668 1973 κοινὰ
690 1947 727 1958 -
747 1917 952 1978 communiter.
987 1916 1051 1988 Quo
1073 1916 1137 1976 iure
1161 1917 1287 1993 Spengel
1312 1939 1403 1979 corn·

145 2021 251 2083 uunia
274 2030 376 2097 mutet,
401 2023 523 2083 minime
548 2023 711 2100 perspicio;
736 2023 844 2082 etenim
867 2040 936 2081 curn
960 2042 1063 2082 omnes
1087 2023 1213 2096 codices
1239 2025 1328 2085 etiam
1351 2028 1401 2087 ille

145 2124 282 2204 Parisinus,
308 2130 447 2191 exhibent
470 2129 729 2202 communiter,
755 2136 817 2189 tum
835 2128 1021 2188 coniecturae
1037 2130 1255 2190 eommunia
1271 2151 1398 2209 sequens

145 2236 242 2297 retum
265 2243 327 2297 est
350 2257 440 2314 quam
462 2236 592 2296 maxime
615 2237 796 2297 adversatur.
823 2234 1017 2294 Statuendum
1037 2234 1125 2309 igitur
1146 2244 1191 2295 est
1211 2237 1401 2316 interpretem

128 2338 230 2417 ,egisse
250 2346 336 2421 κοινῇ
359 2344 405 2402 vel
427 2347 541 2409 κοινῶς.

166 2470 170 2479 ’
228 2453 315 2513 1354
331 2470 349 2509 a
366 2453 406 2511 19
431 2442 519 2527 (178,
537 2443 592 2527 20)
617 2438 647 2504 ἐν
669 2438 756 2512 ἐνίαις
779 2463 812 2521 γε
835 2449 882 2502 νῦν
905 2437 964 2502 ἐστὶ
986 2450 1042 2502 τῶν
1064 2440 1179 2503 πόλεων
1201 2444 1252 2505 καὶ
1275 2444 1402 2528 μάλιστα

125 2536 423 2636 ὀἰςείινομοορένοιις
439 2555 521 2614 -in
541 2555 718 2632 quibusdam
742 2552 893 2612 civitatum
912 2570 991 2611 nunc
1015 2559 1061 2611 est
1082 2559 1110 2611 et
1131 2553 1259 2614 maxime
1277 2555 1307 2614 in
1327 2557 1402 2616 bene
1462 2582 1469 2592 ·

143 2662 263 2723 ordinatis
279 2662 404 2738 legibus,
439 2662 575 2740 Spengel,
600 2668 633 2720 ut
656 2680 692 2720 ex
716 2660 778 2720 eius
803 2659 992 2743 adnotatione
1016 2677 1081 2734 pag.
1102 2660 1163 2722 178
1189 2660 1291 2733 elucet,
1318 2669 1402 2738 putat

144 2766 314 2847 interpretem
343 2769 451 2845 legisse
479 2762 607 2848 μάλιστα
638 2759 674 2824 ἐν
703 2770 776 2832 ταῖς,
825 2765 879 2826 Cui
909 2764 1040 2842 opinioni
1063 2783 1123 2825 non
1149 2767 1313 2840 assentior3
1343 2768 1401 2828 vidi

142 2874 203 2935 enim
228 2876 426 2954 interpretem,
452 2895 510 2952 quo
538 2874 653 2934 facilius
680 2875 769 2933 verba
795 2873 1016 2949 intellegantur,
1049 2872 1299 2948 praepositionem
1322 2882 1401 2935 ante-

141 2982 274 3044 edentem
296 2982 486 3042 consuevisse
509 2988 648 3058 repetere,
676 2979 791 3039 etiamsi
815 2980 843 3039 io
869 2979 982 3039 Graeco
1006 2980 1142 3056 exemplo
1169 2998 1229 3038 non
1253 2979 1400 3041 invenisse

124 3087 262 3153 ¹rideatur.
301 3089 367 3148 Hoc
389 3095 422 3148 ut
445 3089 654 3161 demonstrem,
680 3087 752 3147 satis
776 3087 870 3147 habeo
892 3087 948 3145 hos
972 3086 1054 3144 locos
1078 3087 1196 3146 afferre:
1223 3089 1307 3149 1359
1325 3107 1342 3146 a
1360 3093 1399 3151 22

114 3258 118 3267 ,
139 3184 210 3271 (191,
226 3190 260 3276 4)
284 3192 349 3273 περὶ
372 3189 519 3274 μεγέθους
541 3191 593 3251 οιαὶ
616 3193 789 3275 μικρότητος
811 3190 864 3251 καὶ
885 3195 935 3249 τοῦ
954 3189 1085 3270 μείζονος
1105 3187 1157 3248 καὶ
1177 3194 1227 3249 τοῦ
1249 3183 1401 3260 ἐλάττονος

138 3302 217 3363 —de
232 3301 434 3378 magnitudine
454 3309 481 3361 et
498 3301 640 3379 parvitate
663 3308 691 3360 et
711 3301 754 3360 de
773 3299 877 3360 maiori
893 3306 922 3358 et
937 3298 1058 3370 minori3
1081 3300 1164 3361 1359
1178 3298 1197 3356 b
1211 3301 1251 3360 10
1265 3290 1352 3376 (192,
1367 3292 1400 3379 3)

108 3468 113 3475 ,
135 3400 205 3466 hee
223 3414 278 3490 τῆς
301 3401 477 3488 ἀναλυτικῆς
499 3399 660 3487 ἐπιστήμης
680 3402 733 3463 καὶ
755 3411 807 3487 τῆς
830 3402 895 3483 περὶ
917 3403 953 3462 τὰ
976 3398 1041 3485 ἤθη
1064 3399 1267 3484 πολιτικῆς-
1283 3424 1319 3464 ex
1342 3405 1402 3466 dia-

118 3512 225 3595 lectica
248 3514 371 3576 scientia
394 3522 422 3575 et
446 3535 488 3574 ex
512 3532 546 3574 ea
570 3533 646 3590 quae
668 3512 748 3573 circa
771 3532 868 3572 mores
893 3511 1028 3588 politica3
1055 3506 1327 3589 1359b21(192,
1347 3505 1401 3589 14)

101 3652 123 3735 p
130 3621 210 3701 prior.
229 3642 366 3700 praepos,
384 3641 452 3682 cum
464 3621 497 3695 G,
521 3622 631 3681 recenti
655 3628 743 3698 atque
763 3620 940 3698 interpolato
960 3610 1129 3696 cedice**):
1154 3614 1218 3694 aspi
1240 3631 1271 3673 τε
1294 3615 1400 3694 πόρων,

101 3740 113 3833 p,
128 3725 174 3787 eu
194 3722 326 3809 πολέμου
348 3725 401 3786 etat
422 3718 547 3809 εἰρήνης,
570 3720 611 3784 ἔτι
634 3721 666 3784 δὲ
689 3722 754 3804 περὶ
777 3720 915 3807 potam<
938 3729 991 3805 τῆς
1014 3722 1118 3803 χώρας
1141 3719 1193 3779 καὶ
1213 3726 1269 3779 τῶν
1289 3712 1401 3797 εἰσαγο-

101 3834 213 3934 Ιξριένοιν
232 3866 269 3878 -
288 3836 325 3895 de
340 3835 530 3913 proventibus
553 3841 582 3895 et
604 3834 649 3893 de
670 3834 748 3893 bello
770 3840 798 3892 et
819 3851 908 3910 pace;
932 3831 1029 3891 adhuc
1050 3837 1148 3890 autem
1171 3829 1250 3888 etde
1266 3828 1401 3889 custodia

101 3938 263 4035 lmgionis,
294 3948 323 4002 et
346 3942 389 4002 de
412 3940 459 4001 his
483 3960 558 4018 quae
581 3940 761 4012 inferuntur3
788 3943 873 4002 1360
897 3939 916 3998 b
941 3942 981 4000 36
1005 3931 1092 4016 (195,
1120 3929 1173 4013 12)
1196 3926 1241 3992 ἐπ’
1266 3925 1399 4016 ἀρειῄἢ

101 4042 238 4145 ),πλο6τῳ
266 4039 287 4128 ἢ
317 4041 402 4125 ἄλλῳ
433 4080 473 4088 -
505 4048 534 4107 in
558 4047 664 4107 virtute
694 4053 744 4107 aut
774 4045 811 4105 in
840 4044 947 4104 divitiis
978 4051 1028 4104 aut
1058 4043 1095 4103 in
1121 4042 1195 4115 alio;
1228 4044 1311 4104 1365
1335 4042 1355 4101 b
1380 4045 1398 4104 8

101 4152 205 4231 ἱ(207,
227 4153 281 4228 15)
305 4151 379 4232 πρὸς
401 4150 433 4212 τὸ
457 4152 508 4235 ζῆν
530 4150 583 4212 οιαὶ
605 4144 637 4210 εὖ
661 4149 786 4234 ζῆνκαὶ
809 4148 861 4231 τὴν
883 4141 990 4231 ἡδονὴν
1013 4145 1117 4207 καὶτὸ
1140 4147 1273 4228 πράττειν
1298 4179 1337 4189 -
1362 4149 1400 4210 ad

115 4266 335 4279 ...--—-.-

227 4309 255 4376 *)
281 4307 538 4362 Animadversiones
564 4311 591 4361 et
616 4305 744 4361 lectiones
771 4306 804 4358 ad
830 4304 983 4359 Aristotelis
1011 4304 1095 4357 libros
1119 4308 1176 4357 tres
1201 4301 1398 4357 rhetoricorum

112 4398 186 4456 ¹794
206 4397 340 4557 εἰ1171115
359 4484 487 4558 Spengel:
507 4484 594 4542 Ueher
613 4485 656 4540 die
673 4481 806 4541 Rhetorik
825 4483 872 4537 des
890 4481 1051 4538 Aristoteles
1070 4481 1137 4537 1851
1146 4502 1154 4548 ;
1173 4496 1233 4551 pag.
1253 4479 1286 4536 53
1305 4479 1398 4537 adnot.
