3036 5076
662 326 877 396 ..65-

235 528 413 590 Rectissime
435 528 579 608 interpres
604 519 728 608 ὁρίζεται
751 529 878 604 exhibet,
911 528 936 589 si
960 529 1078 606 quidem
1101 528 1158 591 hoo
1181 527 1303 589 verbum
1328 523 1407 603 legit.

123 635 225 697 Verba
248 636 393 696 iustum
415 638 474 698 vel
497 636 683 697 iniustum
707 637 833 698 sortasse
856 657 892 697 911
916 620 1049 712 margine
1073 636 1211 716 sumpsit

239 747 322 807 1373
348 745 367 804 b
392 747 433 807 24
457 743 617 817 (229,13)
642 750 741 803 autem
767 775 804 785 -
830 738 877 824 δή.

238 852 321 912 1373
346 851 364 909 1)
389 854 429 912 37
455 851 542 925 (229,
562 851 615 925 24)
640 870 716 928 quae
739 858 838 913 autem
862 883 901 894 -
926 855 996 911 ποῖα
1020 844 1059 908 δέ.

238 960 322 1019 1374
347 978 364 1016 a
389 961 405 1019 1
433 956 518 1030 (229,
537 959 590 1031 26)
615 966 715 1018 actum
738 978 805 1019 esse
828 954 1028 1039 (πεπρᾶχθαι)
1056 987 1092 1000 ·-
1118 953 1310 1035 πεπραχέναι.

209 1136 210 1144 χ
238 1066 323 1126 1374
339 1084 357 1123 a
374 1069 391 1125 5
418 1058 506 1141 (230,
525 1064 557 1137 4)
581 1065 698 1141 publice
717 1097 753 1107 -
772 1067 811 1124 Αθ
826 1055 978 1146 δημοσίαν,
996 1064 1105 1136 QYZ:
1123 1057 1260 1141 δημόσια,
1300 1059 1411 1120 Eadem

123 1170 280 1246 diligentia
304 1189 362 1247 qua
385 1171 523 1230 Morelins
548 1171 609 1247 (qui
627 1171 718 1232 dicat:
744 1172 864 1249 quidam
887 1171 1097 1248 manuscripti:
1123 1161 1264 1249 δημοσίᾳ)
1287 1168 1410 1227 adnotat

125 1276 256 1354 Spengel
282 1277 380 1337 alios
405 1278 521 1337 codices
545 1277 653 1338 habere
674 1272 812 1358 δημοσίᾳ.
859 1278 1040 1353 Intellegitne
1064 1278 1128 1336 cod.
1146 1275 1183 1338 D.
1202 1281 1230 1334 et
1253 1274 1420 1334 editionem·

122 1384 311 1444 Ricooboni?
335 1384 407 1444 Utut
430 1391 483 1456 est,
516 1377 643 1464 δημοσίᾳ
674 1403 810 1460 perverse
839 1384 984 1462 scripturn
1015 1390 1069 1447 est.
1115 1382 1153 1442 At
1177 1381 1271 1442 Buhle
1296 1411 1334 1422 -
1367 1378 1409 1439 in·

124 1491 268 1552 credibile
298 1499 343 1550 est
366 1491 444 1550 dictu
471 1521 508 1532 -·
536 1491 700 1550 contendit:
735 1492 766 1551 ld
789 1491 907 1568 quidem
931 1491 1051 1568 optime.
1099 1490 1212 1549 Sensus
1239 1494 1303 1547 tum
1334 1485 1409 1547 exit:

125 1599 165 1657 Et
194 1597 380 1657 commisisse
404 1597 522 1673 quidem
547 1617 579 1656 se
602 1596 726 1670 facinus,
752 1598 803 1657 sed
827 1597 973 1675 pri-vatim,
998 1616 1058 1658 non
1081 1595 1208 1675 publice.

239 1707 323 1766 1374
348 1724 365 1763 a
390 1708 407 1767 6
432 1703 519 1777 (230,
547 1702 577 1776 5)
601 1703 658 1764 hoe
683 1735 722 1746 -
747 1708 846 1765 ταῦτα.

239 1813 323 1872 1374
348 1830 366 1870 a
390 1814 431 1872 14
456 1811 543 1884 (230,
563 1809 616 1884 12)
640 1810 728 1871 huius
754 1842 793 1853 -
817 1826 877 1867 rou.

238 1920 324 1980 1374
337 1937 355 1976 a
367 1920 406 1980 16
424 1917 576 1991 (230,14)
593 1917 656 1978 eius
673 1938 690 1978 a
706 1937 764 1995 quo
781 1917 895 1994 accepit
907 1948 944 1976 τ-
960 1909 1075 1994 iubete.
1092 1915 1174 1992 Legit
1190 1914 1292 1990 igitur:
1309 1909 1410 1970 robtoo

126 2015 181 2103 ἀφ’
195 2014 228 2080 οὗ
244 2016 340 2098 ababa
356 2025 502 2084 Palrnaris
520 2023 620 2084 lectio!
638 2023 715 2084 Nanr
731 2032 759 2084 et
774 2017 880 2102 ἔκλεψε
896 2024 974 2083 male
990 2022 1121 2082 additum
1138 2028 1191 2093 est,
1210 2028 1238 2080 et
1253 2011 1299 2076 ἐπὶ
1310 2013 1409 2097 βλάβῃ

127 2126 231 2188 τοῦτου
247 2122 298 2210 ἀφ’
315 2120 349 2187 ob
365 2122 453 2206 ἔλαβε
469 2132 659 2207 sequentibus
677 2131 772 2190 verbis
795 2135 975 2211 σφετερισμῷ
992 2120 1095 2186 ἑαυτοῦ
1112 2129 1222 2205 optime
1239 2127 1408 2204 respondet.

239 2239 324 2299 1374
341 2256 358 2297 a
376 2239 415 2298 18
441 2237 527 2311 (230,
548 2235 601 2308 16)
627 2237 669 2296 sic
693 2236 751 2310 (m:
778 2233 866 2308 sicut)
890 2243 918 2296 et
941 2237 977 2297 de
1001 2235 1126 2296 aliis-
1151 2226 1248 2311 ὥσπερ
1272 2229 1324 2291 καὶ
1345 2227 1411 2310 περ)

128 2338 245 2403 touton.
271 2343 416 2420 interpres
441 2344 513 2403 nihil
537 2344 616 2403 aliud
640 2363 674 2405 ac
697 2363 753 2403 nos
776 2343 886 2419 legisse
909 2343 1036 2416 videtur3
1060 2363 1131 2403 narn
1155 2342 1315 2403 admodum
1338 2337 1409 2400 veri·

130 2448 229 2508 simile
252 2456 297 2509 est
320 2452 496 2510 antecedens
520 2450 612 2510 aliis
635 2469 724 2528 prave
747 2450 907 2527 repetitum
930 2469 1005 2510 esse.

240 2557 367 2619 13741)
393 2563 411 2619 9
436 2555 596 2630 (231,14)
620 2575 679 2616 non
699 2563 866 2619 ...autem
892 2585 928 2596 -—
955 2555 1029 2635 μήτε
1053 2586 1095 2596 -
1118 2571 1157 2612 τε.

240 2665 324 2725 1374
348 2664 367 2723 b
392 2668 431 2727 12
457 2663 612 2738 (231,16)
637 2663 724 2722 verba
750 2692 789 2702 -
813 2655 979 2736 τὸνλόγον.
1003 2661 1083 2721 ldem
1106 2661 1216 2722 invenit
1240 2661 1319 2739 quod
1342 2678 1408 2722 nos.

242 2773 327 2832 1374
350 2771 369 2828 b
394 2773 434 2832 16
460 2768 618 2843 (231,19)
644 2788 760 2845 semper
784 2774 812 2828 et
840 2799 873 2810 -
901 2759 936 2847 ἦν
959 2759 1057 2847 919ὶῆ

242 2877 361 2937 13741)
379 2882 419 2940 22
444 2871 531 2954 (231,
558 2875 612 2944 25)
637 2861 783 2935 exaltatus
807 2883 852 2935 est
879 2905 915 2916 -—
941 2864 1061 2954 εὑρέθη.
1102 2874 1168 2933 Non
1192 2873 1264 2932 mihi
1288 2892 1413 2952 possum

109 2960 309 3059 'persuadere
337 2982 527 3060 interpretem
557 2982 704 3041 invenisse
734 2981 889 3042 lectionem
920 2981 1030 3040 codicis
1055 2981 1080 3054 Q
1111 2971 1243 3060 (ᾑρέθη),
1275 2979 1304 3040 id
1334 2979 1413 3057 quod

130 3088 281 3161 MoreliuS,
306 3089 409 3161 Buhle,
439 3088 565 3166 Spengel
590 3088 778 3148 arbitrantur.
824 3088 916 3147 Multo
941 3087 1020 3148 eninr
1051 3087 1238 3146 verisimilius
1269 3094 1315 3147 est
1345 3106 1413 3146 eum

131 3195 321 3256 transtulisse
344 3188 437 3275 ἤρθη.
486 3196 634 3272 lnterpres
658 3194 738 3254 enim
760 3213 911 3271 nusquam
934 3178 1083 3273 αἱρεῖσθαι
1112 3194 1200 3253 verbo
1230 3194 1414 3254 exaltare

130 3302 235 3374 reddit,
261 3303 312 3361 sed
337 3322 462 3379 semper,
487 3301 544 3361 nisi
569 3301 665 3375 lallor,
690 3301 747 3361 alio
771 3309 841 3378 apto
857 3303 945 3360 verbo
962 3301 1040 3360 velut
1056 3299 1201 3377 eligere
1224 3292 1263 3378 (9.
1282 3319 1308 3377 g.
1329 3302 1414 3363 1360

129 3412 148 3469 b
176 3414 193 3470 5
220 3401 307 3488 (194,
334 3406 406 3482 11);
437 3410 564 3471 13991)
590 3412 629 3471 18
655 3407 742 3482 (290,
769 3404 840 3488 29);
873 3412 959 3471 1394
988 3429 1005 3467 a
1030 3413 1070 3470 25
1103 3401 1190 3486 (279,
1217 3401 1261 3486 1).
1308 3406 1415 3467 Confer

130 3515 221 3576 etiam
247 3518 328 3577 1361
355 3516 374 3574 1)
400 3517 440 3577 16
465 3514 553 3588 (197,
579 3514 642 3588 116),
668 3534 725 3591 quo
748 3516 815 3574 loco
840 3506 928 3593 αἴρειν
953 3516 1039 3573 verbo
1063 3515 1192 3574 levare
1215 3513 1362 3591 exprimit.

685 3621 781 3698 Caput
806 3623 857 3683 14.

242 3729 327 3790 1374
343 3727 362 3786 b
381 3730 420 3789 25
447 3727 533 3801 (232,
552 3727 583 3801 3)
600 3734 705 3805 utputa
722 3775 729 3792 .
744 3774 769 3788 ..
787 3734 908 3788 accusat
926 3758 965 3766 -
983 3717 1043 3783 οἷον
1058 3720 1074 3783 ὃ
1091 3725 1318 3807 ...κατηγόρει
1348 3727 1414 3788 llle:

131 3824 195 3891 οἷον
210 3875 218 3889 .
231 3875 258 3888 ..
275 3836 440 3913 κατηγορεῖ.
1218 3876 1221 3881 .

242 3940 370 4001 13741)
395 3943 435 4002 27
461 3934 549 4018 (232,
573 3916 606 4015 5)
637 3941 668 4000 in
696 3940 799 4001 habitu
822 3946 921 4000 autern
946 3940 1074 4000 iustitiae
1099 3972 1138 3980 -
1163 3931 1210 3996 ἐπὶ
1233 3934 1416 4020 δικαιοσὺνης

131 4037 174 4106 δέ.
210 4045 256 4105 Ad
279 4046 336 4104 hoc
360 4046 481 4105 adnotat
505 4047 633 4123 Spengel
655 4047 666 4105 l
692 4050 769 4110 172:
795 4045 927 4121 „Invenit
950 4046 978 4104 in
1003 4047 1078 4106 libro
1102 4065 1155 4106 suo
1179 4046 1311 4106 futurum
1337 4045 1417 4106 verbi

132 4146 198 4225 ἕξει,
225 4153 302 4228 quod
326 4160 405 4211 recte
429 4151 459 4210 in
483 4153 589 4212 ceteris
613 4155 695 4212 deest
718 4147 857 4232 (fortasse
881 4173 916 4212 ex
941 4152 1074 4228 margine
1098 4149 1255 4231 sumpsit),
1281 4154 1310 4212 id
1338 4153 1417 4213 male

133 4258 354 4320 substantivum
376 4277 443 4317 esse
466 4249 521 4323 ἕξιν
541 4257 690 4349 99191111.“
718 4260 807 4333 Idem,
839 4261 890 4319 sed
915 4259 1040 4334 cautius,
1070 4259 1141 4319 dicit
1163 4260 1187 4318 ll
1212 4263 1284 4324 188.
1332 4259 1417 4332 Quod

132 4374 166 4427 ut
190 4367 312 4442 probem
336 4371 451 4424 tantum
474 4366 567 4438 abest,
592 4372 624 4424 ut
640 4367 817 4426 contendam
838 4367 1027 4444 interpretem
1043 4367 1146 4426 eadem
1162 4367 1192 4426 in
1209 4368 1344 4443 exemplo
1362 4386 1421 4426 sno

132 4472 275 4534 habuisse
299 4491 374 4550 quae
396 4491 451 4531 nos
475 4472 610 4548 legimus.
657 4472 792 4551 Namque
815 4492 883 4533 cum
913 4473 959 4534 bis
989 4473 1134 4552 interpres
1166 4473 1417 4551 praepositionem

1181 4573 1197 4627 5
