3036 5076
579 285 795 358 933..

110 504 152 556 aut
174 495 253 555 enim
276 500 475 554 memorantes
500 493 646 570 quomodo
668 493 907 569 adipiscebantur
930 497 981 554 aut
1004 495 1156 571 sperantes
1178 488 1326 572 quomodo

106 603 252 679 piscentur.
273 632 311 642 -
332 604 413 664 1371
439 602 458 659 b
484 604 523 663 15
548 594 709 679 (223,17)
734 591 805 656 ὅθεν
828 597 880 657 καὶ
903 591 933 656 αἱ
954 598 1105 680 παροιμίαι
1127 593 1262 681 εἴρηνται,
1286 591 1327 667 ὣς

106 702 218 789 (ἥλικα
241 699 337 785 τέρπει
359 705 412 764 ναὶ
435 699 476 773 ὡς
499 699 546 763 ἀεὶ
568 704 615 763 τὸν
639 697 739 785 ὁμοῖον
758 738 795 747 -
814 708 892 766 unde
916 715 944 767 et
968 708 1121 784 proverbia
1145 708 1223 767 dicta
1247 714 1324 780 sunt,

106 817 194 876 modo
219 823 376 874 coetaneus
401 821 573 873 coetaneum
598 814 731 885 delectat,
758 821 786 873 et
810 815 957 890 quomodo
981 834 1098 891 semper
1122 814 1258 874 similem.
1286 844 1324 856 -

106 927 132 984 17
155 943 172 980 a
197 925 237 983 13
262 913 349 998 (237,
377 915 432 1000 23)
456 917 508 976 καὶ
531 911 572 985 ὡς
594 910 678 983 οὗτος
701 911 716 976 ὁ
739 913 871 986 κίνδυνος
898 918 1033 998 κρείττων
1058 953 1097 962 —-
1123 928 1151 979 et
1179 921 1326 996 quomodo

106 1028 303 1105 opericulum
320 1027 477 1089 maius-
497 1030 580 1089 1385
595 1047 612 1086 a
627 1029 664 1088 11
684 1026 771 1099 (257,
791 1022 845 1108 12)
861 1017 929 1083 ἰδὼν
945 1070 952 1083 .
966 1074 972 1086 .
987 1071 993 1084 .
1010 1017 1050 1093 ὡς
1066 1019 1157 1104 ᾔεσαν
1174 1018 1208 1068 -’-
1224 1027 1326 1085 videns

106 1134 278 1211 .quomodo
307 1134 505 1193 eliciebantur.
552 1133 664 1192 Deinde
694 1133 788 1192 tribus
811 1133 945 1192 versibus
976 1140 1060 1210 post:
1091 1127 1180 1214 δῆλον
1211 1123 1251 1199 ὡς
1268 1177 1276 1192 .
1293 1175 1325 1196 .,

106 1240 243 1320 ορήσομεν
258 1273 298 1280 -
313 1241 412 1316 palam
425 1241 592 1316 quomodo„
608 1286 615 1298 .
630 1291 636 1302 .
651 1287 657 1299 .
672 1240 918 1299 habundabimus.
933 1269 968 1280 -
985 1235 1098 1304 13931)
1113 1243 1152 1301 12
1171 1232 1325 1319 (277,10)

106 1363 123 1404 ιν
144 1338 242 1412 αὐτοῖς
265 1342 352 1420 λόγον
375 1338 416 1411 ὡς
435 1337 525 1411 ἵππος
547 1349 667 1425 κατεῖχε
689 1341 818 1425 λειμῶνα
836 1346 966 1405 -dixit
990 1346 1067 1405 enim
1084 1346 1232 1405 fabulam:
1258 1363 1327 1422 quo·

106 1455 134 1512 lo
158 1473 251 1530 equus
276 1452 426 1511 obtinebat
450 1459 577 1528 pratum.
597 1483 635 1492 -
662 1457 746 1515 1416
771 1472 788 1511 a
814 1455 853 1515 29
878 1447 965 1532 (332,
987 1448 1020 1527 3)
1045 1454 1263 1531 κατηγοροῦντα
1287 1442 1327 1517 ὡς

106 1556 156 1640 βῆς
174 1591 213 1600 -
232 1564 431 1629 accusantem,
457 1559 605 1635 quomodo
629 1558 734 1635 ipsius.
753 1590 792 1598 -
812 1561 894 1620 1417
914 1559 987 1620 334
999 1553 1086 1635 (336,
1105 1557 1137 1624 4)
1161 1548 1191 1614 ἐν
1214 1551 1247 1614 δὲ
1269 1557 1328 1623 τοῖς

106 1668 255 1745 ,ηγορινιοῖς
278 1657 298 1744 ἢ
322 1656 362 1730 ὡς
385 1654 440 1721 oba
463 1657 542 1720 ἔσται
565 1656 810 1744 ἀμφισβητήσειεν
832 1657 867 1720 ἀν
890 1680 940 1733 τις,
963 1655 982 1744 ἢ
1004 1655 1045 1729 ὡς
1060 1656 1139 1719 ἔσται
1157 1694 1196 1704 -
1214 1662 1245 1723 in
1261 1682 1328 1723 oon·

106 1772 198 1830 tauris
223 1778 330 1842 auteur,
357 1771 504 1846 quomodo
528 1777 705 1842 nonerunt,
731 1770 875 1830 dubitabit
891 1770 991 1847 utique
1011 1770 1086 1847 quis,
1112 1777 1163 1830 aut
1179 1770 1327 1846 quomodo

106 1925 110 1937 ,
136 1910 174 1916 -
200 1877 256 1936 His
280 1876 438 1954 exemplis,
464 1878 584 1954 quibuS,
610 1877 635 1935 si
659 1883 737 1935 esset
760 1895 897 1949 necesse,
923 1878 1008 1953 plura
1037 1875 1155 1951 adiungi
1183 1881 1327 1952 poterant,

106 1985 185 2058 ngeh
209 1983 410 2043 coniecturam
434 2003 500 2043 esse
523 1982 700 2042 reiciendam
725 1991 855 2060 apparet.
887 1983 948 2043 Nec
971 1983 1067 2058 magis
1089 1983 1160 2042 mihi
1188 1983 1330 2060 probatur

106 2091 219 2149 huius
244 2090 296 2148 viri
320 2090 501 2162 coniectura3
532 2089 656 2164 legimus
681 2090 760 2148 enim
783 2094 864 2152 1371
891 2091 910 2148 1)
935 2093 975 2151 30
1001 2083 1089 2168 (224,
1116 2084 1148 2166 2)
1178 2079 1249 2146 εἶναι
1278 2086 1330 2144 καὶ

106 2189 205 2275 ἀρχειν
233 2227 268 2237 —-
295 2216 383 2255 esse
406 2204 442 2256 et
465 2196 663 2270 subicere,
693 2197 771 2273 quod
796 2196 923 2272 Spengel
954 2197 1026 2255 nihil
1054 2203 1209 2256 cunctatus
1234 2201 1329 2255 mutat

106 2304 142 2361 iis
174 2323 260 2362 esse
290 2311 325 2362 et
355 2303 542 2378 subigere.
590 2303 710 2363 Utinam
741 2323 876 2376 causam,
909 2323 961 2363 cur
988 2311 1128 2377 mutaret,
1154 2304 1327 2364 addidisset!

106 2408 118 2465 i
141 2408 259 2484 quidem
283 2409 436 2484 diligenter
459 2409 617 2486 inquirenti
640 2429 698 2469 non
723 2410 826 2484 obtigit
849 2411 941 2469 ullam
972 2409 1109 2469 invenire.
1142 2409 1181 2468 At
1199 2409 1256 2471 hoc
1272 2406 1330 2469 vidi

106 2533 114 2570 s
137 2515 209 2572 locis
233 2515 389 2574 lectionem
413 2516 549 2575 codicum
571 2516 700 2589 firmari;
724 2516 849 2591 legimus
873 2516 968 2575 enim:
994 2520 1078 2579 1379
1096 2537 1113 2576 a
1130 2519 1148 2576 3
1167 2514 1255 2590 (242,
1274 2509 1329 2597 11)
1400 2535 1404 2543 ·

106 2636 148 2698 [ων
171 2613 339 2701 ἀρχομένου
366 2654 403 2662 -
431 2622 602 2699 principans
627 2622 809 2696 subiectum3
835 2622 970 2698 proximo
994 2621 1152 2683 inversu:
1176 2624 1227 2680 τοῦ
1250 2614 1329 2702 ἀρχ-

108 2743 134 2783 αι
156 2720 239 2794 ἀξίου
257 2759 296 2769 -
314 2748 390 2803 eum,
416 2728 466 2806 qui
489 2729 596 2804 dignus
620 2729 741 2802 subiici3
768 2730 887 2792 13791)
905 2735 945 2792 29
963 2729 1049 2804 (244,
1071 2724 1126 2809 13)
1147 2720 1331 2809 ἂρχθμὲνθῦς

116 2834 272 2894 subiectos.

156 2945 239 3004 1359
265 2964 282 3003 a
308 2946 346 3005 13
373 2936 461 3022 (190,
488 2942 541 3014 23)
572 2939 608 2999 τὰ
632 2940 683 3021 μὲν
706 2938 883 3022 πεπρᾶχθαι
905 2940 942 3000 τὰ
965 2937 997 3000 δὲ
1025 2939 1262 3024 πραχθήσεσθαι
1290 2973 1325 2986 -

114 3047 185 3108 haec
210 3049 327 3126 quidem
352 3056 417 3110 acta
441 3069 507 3109 esse
530 3049 560 3109 iu
583 3050 749 3126 praeterito,
774 3049 847 3110 haec
871 3059 970 3109 autem
993 3049 1024 3109 in
1050 3051 1148 3109 futuro
1173 3049 1236 3126 agi;
1262 3069 1330 3112 cum

106 3173 120 3212 c
144 3157 232 3216 verba
255 3157 354 3216 omnia
378 3157 467 3217 etiam
491 3156 521 3215 in
551 3156 652 3215 codice
675 3177 705 3214 m
728 3157 872 3230 legantur,
897 3157 1023 3216 tenenda
1047 3164 1125 3220 sunt.

159 3267 243 3327 1359
262 3265 280 3323 b
297 3268 336 3325 37
363 3263 451 3338 (192,
478 3260 532 3335 29)
556 3255 637 3320 ἀλλὰ
660 3258 789 3320 καὶτῶν
812 3254 927 3341 ὁμόρων
950 3292 990 3305 -
1016 3262 1068 3322 sed
1097 3269 1126 3322 et
1150 3271 1253 3324 contra
1280 3263 1351 3324 ali:

106 3389 149 3441 m;
173 3387 220 3429 m:
246 3371 352 3444 alium3
377 3390 446 3429 cum
469 3370 492 3428 E
515 3370 651 3430 exhibeat
675 3370 803 3443 alium,
836 3369 963 3446 Spengel
997 3369 1183 3429 coneiectura
1211 3371 1329 3432 confi-

106 3496 150 3534 rm
181 3477 316 3536 Latinam
357 3475 582 3536 translationem
615 3476 711 3535 verbis
747 3477 867 3536 Graecis
902 3484 1005 3554 aptare
1041 3477 1148 3540 studet.
1203 3476 1267 3536 Hos
1298 3454 1333 3538 ui

106 3584 179 3656 bern,
204 3603 222 3642 a
245 3603 293 3642 me
316 3603 374 3642 uon
398 3603 522 3660 possum
545 3583 719 3660 impetrare3
743 3585 837 3642 multo
861 3583 938 3642 enirn
963 3571 1022 3641 heri
1039 3581 1166 3641 similius
1183 3590 1228 3642 est
1243 3583 1330 3644 inter·

111 3710 159 3748 ern
184 3690 213 3749 in
237 3689 311 3749 libro
343 3709 396 3751 suo
427 3690 573 3749 invenisse
597 3681 658 3747 ἀντὶ
680 3683 789 3750 ἀλλων.
837 3689 934 3762 Quam
962 3690 1137 3749 mendosam
1160 3690 1326 3766 lectionem,

106 3795 178 3869 elis,
204 3796 244 3856 ita
269 3816 373 3857 sanare
397 3796 505 3874 poesie,
530 3803 563 3856 ut
579 3803 629 3856 aut
645 3787 714 3869 ἀντί,
740 3797 817 3873 quod
834 3815 932 3856 errore
955 3795 1144 3856 librariorum
1167 3795 1328 3875 irrepserit,

109 3922 145 3962 as
162 3911 212 3962 aut
236 3903 365 3964 conicias
388 3895 560 3963 ἀντιπάλων.
607 3902 781 3981 Utrumque,
806 3910 835 3964 et
858 3896 957 3961 ἀλλων
980 3910 1008 3963 et
1024 3894 1200 3979 ἀντιπάλων,
1227 3904 1329 3966 sensui
1373 3882 1375 3889 ⁸

106 4009 217 4069 liotioni
244 4011 411 4088 philosophi
434 4013 509 4071 bene
532 4011 675 4070 convenit.

155 4120 239 4179 1360
264 4118 282 4177 b
308 4121 346 4179 33
372 4111 530 4196 (19514)
556 4117 762 4194 Comparativo
785 4112 996 4196 πρισβοπέροος
1020 4119 1179 4195 respondet
1203 4137 1327 4193 senes,

106 4244 120 4283 e
145 4223 231 4282 lectio
250 4223 405 4301 Spengelio
430 4244 569 4301 maguam
586 4224 786 4301 suspicionem
802 4232 908 4298 movet,
932 4232 965 4285 ut
987 4224 1183 4285 mutationem
1206 4225 1329 4286 senio·

132 4337 288 4408 proponat.
336 4329 379 4390 Ne
402 4331 431 4391 id
455 4331 573 4408 quidem
596 4331 698 4408 probo,
724 4351 792 4391 curn
816 4332 883 4392 aliis
908 4350 1025 4409 quoque
1047 4331 1121 4391 locis
1149 4332 1228 4391 hunc
1251 4351 1329 4392 com·

106 4438 212 4502 ttivum
236 4437 345 4518 pariter
369 4437 553 4502 substantivo
577 4457 688 4501 senes
711 4439 858 4500 redditum
882 4458 948 4500 esse
971 4434 1096 4500 videam.
1135 4439 1182 4500 An
1199 4438 1329 4519 Spengel

1093 4538 1110 4594 3
1227 4548 1230 4554 .
